2970 4914
209 283 253 344 40
593 290 709 338 concio
730 290 774 336 ru
796 288 926 337 cernon

89 457 94 466 '
209 452 278 514 ictu
299 447 393 526 oculi,
410 447 465 511 sed
488 445 607 509 sensim
628 451 738 507 tamen
761 450 915 521 senescet,
939 447 1113 533 evanescet,
1134 439 1248 503 tendet
1270 438 1311 502 ad

210 553 381 616 interitum
396 549 486 615 Ordo
500 555 613 626 vester,
630 545 685 610 διὰ
704 545 740 609 τὸ
763 542 897 614 ἀσθενὲς
916 543 1013 608 αὐτοῦ
1036 540 1091 606 καὶ
1115 539 1278 627 ἀνωφελές
1287 554 1311 603 ⁰.

211 655 393 719 Attentione
414 653 500 716 enim
522 658 635 729 vestra,
651 672 718 713 non
738 649 882 713 Ecclesia
903 649 1018 725 solum,
1035 647 1091 710 sed
1110 667 1166 709 vos
1188 665 1313 727 quoque

211 758 274 842 ipsi
296 757 406 834 statis3
439 757 574 839 ideoque
600 776 710 818 curam
737 752 903 838 conjunxit
925 751 1098 834 Apostolus
1115 751 1232 831 propia,
1256 747 1314 812 sed

213 868 318 925 vestra
334 880 460 943 quoque
474 858 527 922 hic
541 879 592 921 res
606 857 750 920 vertitur.

49 968 175 1032 niumm.
256 967 287 1027 2.
308 963 390 1026 Haec
401 961 442 1024 ad
452 982 508 1024 vos
518 960 557 1023 de
567 960 663 1022 vodis.
686 960 737 1022 De
748 978 844 1040 prope
855 959 924 1041 jam
933 963 1039 1020 vestro
1051 961 1197 1038 superest
1209 973 1314 1017 sermo

214 1067 305 1130 alter.
350 1066 439 1129 Nam
462 1071 495 1128 et
514 1065 606 1146 prepi
628 1083 702 1145 pars
726 1082 784 1124 sua
809 1067 858 1124 est
882 1060 917 1121 in
941 1059 1110 1122 attentione
1133 1063 1258 1132 vestra3
1282 1062 1315 1118 et
1400 1110 1409 1126 ,

213 1169 299 1232 vodis
314 1167 374 1231 etsi
389 1187 467 1230 cura
479 1165 577 1230 vestri
591 1163 742 1247 imposita
755 1170 814 1241 est,
830 1170 940 1225 tamen
956 1183 1023 1224 non
1037 1161 1078 1223 ad
1093 1181 1202 1223 curam
1216 1157 1315 1222 vestri

215 1270 311 1355 positi
332 1269 420 1342 estis,
439 1269 495 1332 sed
513 1269 629 1350 propio.
674 1268 725 1330 De
746 1266 841 1343 noba,
864 1265 933 1328 sine
956 1269 1196 1327 auctoramento
1218 1261 1313 1336 dixit;

217 1373 257 1437 de
275 1393 370 1455 φερε
384 1392 468 1450 vero,
484 1373 519 1434 in
533 1392 592 1453 qno
608 1371 708 1451 positi
729 1371 814 1432 estis.
858 1369 902 1431 Et
924 1368 980 1430 illa
998 1367 1062 1430 tria
1077 1387 1148 1448 quae
1169 1386 1243 1428 mox
1261 1385 1316 1426 ex-

217 1476 302 1559 plico
331 1481 533 1556 argumenta,
560 1495 618 1556 pro
643 1493 738 1554 prope
768 1479 844 1534 sunt
872 1470 1009 1553 singula,
1039 1491 1107 1532 non
1134 1489 1192 1551 pro
1220 1467 1317 1529 vobis.

219 1579 316 1642 Certe
338 1577 384 1640 sic
407 1576 492 1640 facto
515 1597 594 1658 opus
617 1575 690 1638 fuit.
734 1573 879 1638 Omnino
901 1573 987 1637 enim
1014 1573 1143 1636 auditur
1167 1590 1316 1634 susurrus

218 1679 281 1742 iste
303 1679 339 1741 in
353 1679 459 1761 vulgo,
481 1678 617 1761 (utinam
636 1677 747 1759 falsoz)
776 1676 844 1740 Ubi
859 1683 963 1739 vestra
982 1697 1034 1738 res
1057 1675 1172 1757 agitur,
1189 1674 1217 1736 si
1239 1672 1316 1756 quid

218 1782 254 1844 in
268 1781 390 1857 titulos,
406 1782 440 1844 in
457 1788 588 1858 statum,
598 1781 633 1842 in
647 1780 838 1863 dignitatem
853 1787 991 1842 vestram
1006 1786 1168 1855 tentatur,
1192 1777 1218 1840 si
1232 1775 1316 1859 peri-

219 1884 349 1947 clitatur
370 1884 460 1947 vobis
481 1906 555 1967 pars
577 1891 683 1946 vestra
705 1883 741 1944 in
767 1882 1024 1965 redargutionem
1045 1882 1171 1944 venire:
1202 1888 1240 1942 ut
1262 1879 1317 1941 ille

219 1986 418 2068 praecedente
437 1987 550 2069 Capite
573 2008 630 2069 pro
645 1987 753 2048 Diona
774 1997 861 2062 naut,
879 1985 993 2048 itidem
1015 1992 1048 2048 et
1068 2006 1123 2047 vos
1144 1983 1262 2046 mirum
1281 1981 1318 2043 in

220 2089 352 2152 modum
381 2096 543 2172 satagere,
579 2111 647 2153 non
674 2089 786 2167 labori,
815 2111 883 2152 non
912 2089 1055 2171 sumptui
1083 2107 1221 2170 parcere,
1250 2084 1318 2148 non

221 2193 386 2254 attentioni
409 2193 487 2255 ulli:
521 2193 571 2257 Dc
597 2214 692 2275 φερε
716 2214 791 2256 vero
812 2214 880 2256 non
903 2192 1035 2276 perinde
1062 2191 1214 2254 sollicitos
1240 2210 1317 2253 esse.

221 2295 329 2358 Etiam
343 2295 405 2358 hoc
420 2317 546 2380 quoque
564 2295 690 2374 dicitur,
707 2295 747 2358 sd
769 2295 842 2360 illos
864 2316 1031 2359 consessus
1047 2300 1166 2358 vestros
1184 2300 1217 2356 et
1232 2293 1318 2357 Con-

221 2397 355 2476 sistoria,
372 2398 399 2461 si
412 2406 553 2462 vestrum
568 2400 757 2483 cujusquam
771 2399 895 2482 privata
908 2420 958 2462 res
974 2404 1097 2481 agatur,
1113 2397 1178 2459 sive
1192 2397 1319 2459 lucrum

222 2507 280 2578 est,
302 2501 367 2564 sive
385 2501 534 2579 vindicta,
551 2503 681 2582 alacres,
705 2510 855 2581 arrectos,
877 2508 1011 2565 attentos
1033 2499 1179 2564 advolare
1200 2521 1265 2579 vos,
1283 2521 1320 2564 ac

221 2604 426 2668 vehementer
446 2605 576 2687 quidem
597 2626 761 2688 perorare:
786 2606 836 2668 sin
856 2605 977 2688 aliquid
996 2604 1031 2667 in
1051 2625 1221 2668 commune
1235 2611 1319 2666 trac·

221 2705 367 2785 tandum,
398 2707 424 2769 si
454 2707 578 2771 collatis
611 2707 780 2772 sententiis
810 2707 1062 2784 deliberandum,
1092 2707 1143 2770 vel
1171 2728 1213 2770 ne
1243 2706 1320 2790 quid

222 2808 366 2871 Ecclesia
381 2809 567 2872 detrimenti
589 2809 704 2893 capiat,
719 2811 778 2888 vel,
795 2831 868 2872 cum
883 2810 961 2893 quid
975 2805 1120 2873 Ecclesia
1134 2810 1320 2873 detrimenti

223 2909 317 2992 cepit,
333 2912 425 2973 sires
444 2912 550 2993 propia
564 2932 629 2994 prae
649 2912 799 2975 manibus
814 2921 872 2990 est,
889 2912 1053 2976 concidere
1072 2913 1159 2977 illico
1174 2914 1321 2976 attentio·

223 3033 292 3076 mm
312 3019 460 3093 vestram,
484 3013 660 3079 subducere
683 3037 717 3079 se
738 3037 907 3099 quemque,
923 3016 973 3079 vel
992 3037 1058 3080 non
1079 3017 1241 3096 interesse,
1259 3017 1320 3095 vel,

224 3115 251 3178 si
279 3115 416 3195 intorsit,
446 3116 591 3200 tepidum
621 3125 654 3181 et
682 3125 843 3182 tacentem
872 3119 992 3197 sedere,
1019 3126 1052 3183 ct
1081 3120 1319 3203 obtorpescere:

224 3218 369 3281 Multum
390 3225 427 3282 ut
449 3219 578 3283 intersit
601 3220 687 3284 inter
709 3221 874 3306 geminum
897 3223 958 3293 hoc
978 3224 1140 3302 attendite,
1158 3228 1187 3302 1,
1203 3225 1319 3307 pcepta,

223 3327 256 3383 et
270 3323 302 3399 2,
317 3321 423 3384 nestri.

266 3423 344 3486 Non
362 3423 407 3486 sic
422 3422 544 3487 factum
565 3426 707 3508 oportuit
725 3427 848 3509 (Patres
857 3428 879 3510 ς)
903 3427 992 3492 vobis
1007 3450 1082 3493 vero
1101 3451 1198 3512 quam
1212 3431 1319 3510 vestri,

222 3533 290 3588 tam
304 3528 411 3608 pcepta
432 3527 582 3591 habenda
604 3530 755 3592 attentio:
779 3530 873 3594 Addo
895 3531 993 3594 etiam
1013 3532 1099 3614 (quia
1116 3553 1198 3614 pren
1219 3533 1320 3612 abest,

113 3640 155 3702 33
223 3637 255 3693 et
270 3631 323 3694 hic
339 3631 397 3694 soli
415 3631 485 3714 jam
505 3633 639 3715 sumus)
659 3635 762 3718 major
778 3636 999 3717 propinquam
1021 3636 1127 3719 vestri,
1142 3657 1209 3717 prae
1231 3639 1322 3722 cujus

223 3738 392 3799 attentione
416 3756 476 3799 nec
501 3735 591 3800 vobis
620 3737 696 3820 ipsis
721 3738 886 3800 interdum
916 3749 966 3801 est
990 3740 1229 3802 attendendam:
1263 3764 1322 3826 pro

223 3860 333 3921 eoque,
349 3838 390 3901 ad
408 3838 518 3921 magni
542 3839 684 3901 Pastoris
704 3840 895 3921 exemplum,
911 3840 1009 3904 vestri
1031 3862 1098 3904 non
1120 3842 1225 3906 dicam
1242 3845 1321 3924 ludi,

223 3941 304 4024 quin
319 3942 400 4004 seria
407 3967 417 4018 3
440 3961 500 4006 nec
516 3940 599 4003 seria
612 3940 717 4019 modo,
733 3941 789 4004 sed
803 3949 931 4024 tempus
947 3943 1017 4022 erit,
1033 3965 1106 4008 cum
1122 3948 1231 4011 anima
1245 3971 1324 4032 quo-

223 4064 285 4125 que
298 4045 368 4125 ipsa
381 4043 530 4126 ponenda
543 4050 602 4107 est.

266 4145 430 4209 Attendite
446 4147 536 4228 prepi
557 4147 710 4209 antonno.
755 4148 874 4212 Levate
895 4169 983 4212 nunc
1005 4149 1040 4212 in
1062 4151 1198 4214 circuitu
1213 4154 1322 4217 oculos

224 4255 355 4327 vestros,
371 4255 404 4310 et
418 4248 541 4312 videte:
565 4271 677 4314 omnes
694 4249 749 4312 isti
765 4251 820 4333 qui
838 4252 1024 4335 congregati
1038 4253 1092 4316 hic
1109 4255 1179 4337 jam
1195 4255 1321 4336 adsunt,

157 4392 159 4397 »
219 4372 300 4432 pree
314 4357 418 4427 vester
442 4358 534 4415 sunt:
557 4374 669 4416 omnes
691 4353 740 4415 illi
758 4354 813 4436 qui
835 4354 871 4416 in
891 4355 990 4418 caulis
1014 4357 1079 4419 suis
1100 4359 1235 4441 quisque
1256 4381 1324 4425 non

321 4484 332 4508 ο
349 4471 424 4537 [Heli.
433 4470 476 4520 vii.
490 4470 539 4534 la]
832 4481 843 4512 Ρ
861 4473 930 4536 [Act
942 4474 1041 4539 Apost]
1052 4491 1106 4540 cap.
1117 4477 1170 4529 xix.
1180 4481 1219 4530 24.
