2970 4914
237 247 280 308 16
557 239 559 243 ’
609 264 736 313 ¹eonem
758 264 801 312 sn
825 262 959 312 ernnust

235 422 274 481 ut
299 417 395 485 hodie
423 423 500 482 sunt
526 419 644 499 omnia,
675 442 746 504 quae
770 421 900 505 pulsant
924 441 1109 484 muraenam.
1154 418 1341 484 Portiouem

237 522 378 604 aliquam
399 523 490 586 Jnris
512 525 668 586 naturalis
686 545 770 602 esse,
786 531 912 588 tantam
926 524 1058 607 positivi
1083 523 1138 588 alii
1160 544 1227 588 non
1249 524 1341 587 dant.

238 626 344 692 Quam
360 625 529 690 enim-fuit
548 627 587 689 de
602 627 792 690 Levitarum
805 627 893 694 victu
913 627 1080 705 sollicitus,
1101 633 1170 690 tarn
1185 626 1284 689 fuisse
1300 626 1343 689 de

236 736 359 792 nostro.
404 729 457 793 Ibi
472 731 610 810 positivo
634 730 708 793 Jnri
728 739 925 795 reservatum
945 732 1028 795 nihil
1038 756 1048 808 3
1072 752 1114 795 ne
1137 731 1191 794 hio
1209 730 1340 813 quidem

235 831 354 912 igitur:
376 832 502 916 hucque
516 833 600 897 illud
614 841 793 898 astruunte
807 835 961 898 Matthaei
971 835 1057 898 xxiii.
1070 836 1130 898 Δεῖ
1143 830 1186 915 μὴ
1199 830 1338 916 ἀφιέναι.

236 935 307 1018 Ego
322 923 547 1001 concionatum
557 936 664 1014 hodie,
673 958 741 1000 non
753 936 954 1020 disputatum
969 939 1080 1002 venio:
1098 938 1207 1002 Quare
1220 936 1341 1018 recipio

236 1059 289 1102 me
304 1039 345 1102 ad
359 1047 523 1122 receptam
537 1039 640 1122 magis
664 1039 858 1122 opinionem,
873 1040 951 1103 Vim
973 1039 1091 1103 habere
1110 1039 1150 1102 ab
1170 1040 1342 1102 indictione

236 1142 397 1206 Ecclesia.
443 1144 532 1206 Nam
548 1163 619 1226 quae
640 1143 703 1206 fuit
725 1143 803 1207 olim
823 1164 922 1227 penes
936 1143 1113 1206 Ecclesiam
1131 1148 1273 1225 potestas
1282 1141 1337 1213 iu·

236 1245 392 1309 stituendi
407 1246 469 1310 sibi
478 1247 652 1328 Praecepta,
668 1267 705 1309 ac
719 1246 906 1329 imponendi
921 1247 1049 1324 Siclnm,
1059 1247 1166 1310 siclive
1185 1247 1339 1323 trientem,

236 1349 277 1411 ad
299 1351 414 1412 cultum
436 1352 556 1414 Domus
582 1350 723 1428 dirinoe³,
748 1357 858 1413 manet
886 1330 999 1414 eudem
1017 1370 1106 1412 nunc
1129 1370 1254 1433 quoque
1278 1348 1339 1412 sub

235 1453 421 1536 Evangelio,
436 1453 494 1516 ubi
508 1458 541 1517 et
556 1449 725 1538 ὁρισμοὺςι
738 1453 878 1536 reperias
894 1459 926 1517 et
942 1449 1141 1534 clavantes,
1153 1453 1187 1516 id
1202 1459 1261 1530 est,
1273 1453 1337 1517 De-

237 1563 332 1636 creta,
350 1563 383 1619 et
397 1556 537 1619 Edicta:
560 1577 677 1639 easque
696 1578 764 1620 non
785 1556 891 1635 modo,
910 1557 995 1640 quod
1007 1557 1127 1620 Paulus
1142 1557 1212 1639 ipse
1226 1556 1336 1634 refert,

236 1659 277 1722 ad
303 1661 509 1741 eleemosynas
531 1680 719 1742 pauperum,
748 1658 805 1722 sed
830 1658 926 1722 etiam
952 1658 993 1721 ad
1013 1656 1201 1744 προσφορὰς
1223 1660 1337 1722 Sucro-

234 1772 340 1826 rum¹.
384 1764 471 1845 Ergo
487 1783 560 1826 eum
575 1761 680 1826 edicto
703 1783 812 1826 cavere
834 1761 931 1825 vellet
952 1763 1096 1824 Ecclesia
1112 1763 1282 1824 Primitiae
1298 1762 1338 1826 de

236 1872 320 1930 stata
339 1867 539 1948 Mystapopis
562 1865 627 1930 suis
649 1866 827 1944 indictione,
847 1886 921 1928 cum
942 1865 978 1928 in
998 1864 1106 1928 omnia
1127 1885 1161 1928 se
1180 1865 1336 1944 vertisset,

237 1991 274 2035 ac
289 1991 449 2033 summam
463 1968 591 2034 fecisset
607 1969 838 2052 cogitationum
854 1990 995 2048 suarum,
1016 1990 1084 2032 non
1104 1968 1199 2032 aliam
1218 1969 1339 2052 reperit
1371 1968 1374 1974 ’

236 2074 408 2155 sequiorem,
436 2095 533 2157 quam
556 2073 637 2136 scire
660 2079 693 2136 et
720 2073 844 2137 sancire
869 2079 986 2156 posset,
1004 2094 1100 2155 quam
1123 2073 1236 2136 scitam
1258 2073 1337 2137 olim

236 2177 296 2240 sub
320 2178 407 2260 Lege
430 2183 463 2241 et
486 2177 643 2241 sancitam
666 2176 705 2240 de
724 2178 843 2240 decima
858 2183 1029 2259 prouentus
1052 2179 1148 2240 annui
1166 2178 1336 2258 portione:

236 2266 431 2364 AEquissima
445 2302 509 2364 qua
534 2279 576 2343 ad
593 2281 704 2359 Deum,
728 2302 791 2363 qua
812 2280 853 2344 ad
875 2281 1020 2345 immines,
1067 2281 1141 2346 Qua
1164 2280 1205 2344 ad
1224 2281 1336 2360 Deum,

237 2383 290 2447 Sic
305 2384 526 2467 Augustinus:
543 2385 629 2447 Dens
645 2383 691 2447 sic
706 2383 802 2461 dicat,
819 2384 913 2448 Meas
936 2405 977 2462 es,
999 2405 1017 2447 o
1037 2386 1135 2463 tomo,
1153 2430 1161 2447 .
1179 2432 1187 2451 .
1205 2406 1273 2448 mea
1288 2392 1335 2448 est

236 2493 322 2551 terra
337 2508 429 2570 qnam
447 2488 533 2566 colis,
549 2508 617 2551 mea
631 2494 703 2550 sunt
718 2488 836 2551 semina
858 2508 925 2569 qne
943 2488 1077 2570 spargis,
1095 2507 1164 2550 mea
1184 2489 1336 2553 animalia

236 2612 301 2674 qne
312 2590 447 2675 fatigas,
468 2593 529 2655 mei
549 2598 622 2655 sant
645 2591 772 2675 [imbres
794 2591 838 2674 et]
860 2593 986 2673 plania,
1014 2591 1186 2675 [ventorum
1200 2593 1338 2674 flamina

233 2717 301 2758 mea
324 2696 422 2779 rnnt,]
447 2717 531 2759 mens
557 2696 630 2780 [est]
658 2697 717 2759 sol'
757 2696 830 2778 (tic)
854 2696 951 2759 ardor
971 2695 1047 2778 [leg.
1068 2693 1190 2781 calor;]
1215 2702 1245 2761 et
1266 2717 1337 2759 cum

234 2799 337 2875 omnia
356 2820 424 2861 mea
445 2805 527 2886 sunt,
558 2799 633 2881 [leg.
652 2800 717 2861 sint
740 2799 890 2861 elementa
908 2799 1055 2881 vivendi]
1080 2804 1114 2861 tn
1136 2799 1188 2880 qni
1210 2819 1337 2861 monam

204 2968 208 2973 ,
234 2901 694 2979 tantumaccommodos,solam
703 2901 864 2965 Decimum
873 2902 1084 2964 merebarisil
1107 2901 1335 2969 Sedserrutibi

233 3026 348 3084 novem,
362 3006 403 3068 da
414 3007 491 3068 milri
501 3005 674 3069 Decimam.
706 3006 861 3070 Potestne
873 3007 974 3071 oratio
986 3007 1065 3090 fingi
1076 3007 1178 3089 magis
1190 3009 1302 3089 aequa?

279 3109 352 3175 Qua
372 3109 414 3172 ad
435 3110 582 3173 nomines.
628 3108 872 3190 AEquissimum·
893 3109 949 3189 ibi,
976 3110 1003 3174 si
1022 3133 1091 3175 uon
1113 3110 1155 3174 sit
1175 3111 1336 3174 remissius

233 3213 302 3291 uui,
318 3213 428 3276 durius
449 3213 551 3277 alteri.
597 3212 639 3277 Id
663 3213 716 3276 hie
739 3213 786 3292 fit,
811 3218 844 3279 et
867 3220 977 3279 exacte
1000 3215 1130 3298 quidem
1153 3216 1207 3278 fit:
1231 3216 1335 3278 Diuiti

233 3337 300 3381 non
314 3317 466 3400 parcitur,
484 3318 611 3398 Pauper
625 3337 693 3380 non
706 3324 942 3400 praegravatur:
967 3319 1120 3402 quaesere
1136 3318 1265 3402 querela
1285 3323 1333 3385 est

234 3418 275 3484 de
290 3421 475 3508 Principum
486 3418 632 3498 Edictis;
656 3419 771 3482 melius
786 3419 833 3484 ibi
851 3421 948 3485 Corvo
965 3443 1061 3505 quam
1079 3422 1230 3485 Columba
1240 3433 1262 3486 ³.

277 3525 374 3588 Illam
390 3546 467 3608 ergo
483 3524 618 3588 sacravit
632 3523 789 3602 Ecclesia,
798 3524 949 3609 huncque
963 3527 1034 3591 Deo
1049 3526 1205 3590 honorem
1220 3525 1335 3589 habuit

233 3629 367 3692 Auctori
384 3628 566 3696 indictionis
588 3627 697 3712 hujus,
723 3635 761 3692 ut
784 3628 826 3692 Ei
849 3630 969 3712 optime
992 3635 1121 3712 putaret
1136 3622 1334 3712 exploratam

233 3753 408 3796 mensnram
427 3733 589 3814 vectigalis
615 3732 664 3795 sui
673 3757 682 3808 3
706 3733 766 3794 nec
791 3732 858 3795 ulla
879 3740 935 3796 aut
955 3732 1105 3795 Ecclesia
1122 3732 1260 3794 Concilio
1276 3739 1335 3796 aut

232 3835 334 3917 Repni
352 3837 484 3899 Comitia
506 3834 696 3918 prudentius
713 3833 780 3907 ista,
791 3834 830 3898 de
844 3855 879 3899 re
896 3841 1037 3899 statuere
1051 3855 1154 3917 posse,
1172 3857 1268 3918 quam
1284 3842 1334 3901 est

233 3937 307 4001 olim
330 3944 461 4002 cautum
476 3940 540 4020 lege
554 3957 657 4015 sacra,
674 3957 770 4020 quam
785 3936 852 4020 ipse
865 3937 1043 4020 Lepislutor
1060 3937 1138 4020 (tam
1157 3937 1333 4018 absolutus,

1276 4041 1287 4064 Δ

265 4089 274 4113 ·
291 4081 431 4131 Nehem.x.
442 4081 504 4146 [32]
517 4085 555 4132 33.
802 4079 869 4143 apud
888 4081 912 4130 S.
929 4082 995 4144 Aug.
1016 4081 1072 4144 Op,
1089 4084 1151 4131 tom.
1165 4096 1189 4130 v.
1213 4080 1330 4145 Append.

266 4148 274 4178 ¹
301 4146 397 4210 ὥρισαν]
409 4147 467 4196 Act.
479 4148 512 4195 xi.
526 4146 587 4210 [29]
802 4146 848 4194 col.
862 4147 933 4197 3091.
947 4147 976 4196 Β.
1011 4146 1096 4196 Verba
1111 4161 1168 4208 quae
1184 4151 1332 4209 sequuntur,
1400 4179 1404 4184 -

264 4219 277 4241 ¹
293 4210 408 4324 ἒιέταεα]
421 4215 434 4260 1
442 4211 562 4326 1(ἐοωιιί.
575 4211 620 4279 [1.]
804 4209 869 4260 ‘Sed
882 4247 887 4261 .
902 4248 907 4260 .
920 4248 925 4260 .
937 4211 1076 4271 decimam}
1092 4210 1160 4261 haud
1174 4210 1329 4274 occurrunt]

264 4283 276 4308 ¹
318 4280 350 4325 ct.
362 4277 431 4325 xxiv.
474 4311 481 4324 .
973 4315 975 4319 Α

264 4349 275 4380 7
292 4341 318 4405 [“
329 4341 395 4398 Quid
420 4341 442 4390 si
465 4341 533 4390 Deus
551 4340 653 4400 diceret,
670 4354 761 4404 nempe
837 4348 847 4372 ¹
866 4340 955 4406 [“Dat
972 4342 1073 4392 uenum
1087 4341 1176 4399 corvis,
1187 4343 1262 4390 vexat
1278 4354 1333 4392 can·

232 4406 473 4466 meuses,ohomo,”
482 4405 525 4454 lac.
545 4405 760 4467 Pseudo-August.
933 4421 991 4458 sura
1002 4405 1153 4458 columbaa''

233 4470 345 4535 (fortene
372 4470 512 4532 Caesarius.)
541 4469 620 4521 Serm.
643 4471 759 4521 acharii.
1071 4469 1297 4535 ransmissa]
