2970 4914
225 253 288 316 112
542 263 836 315 remansurum
858 245 1006 337 ἐπάκτῳι
1083 321 1087 328 ,

223 422 302 501 fieri,
333 421 381 486 fas
411 442 547 506 quoque.
591 422 700 506 Atque
728 421 782 486 hie
812 422 1023 507 jurisjurandi
1052 445 1128 487 usus
1156 426 1321 508 posteriorj

219 527 327 610 justus
355 547 393 591 ao
417 527 592 610 legitimus,
616 548 684 591 non
708 526 804 591 modo
827 532 864 590 ut
890 526 1060 609 quaestioni
1084 534 1188 592 status
1210 530 1267 593 fiat
1282 552 1322 594 ex

222 650 376 712 responso
392 630 453 694 Rei
473 630 570 714 (quod
585 629 819 712 antepositum
834 630 894 712 est)
912 654 919 693 ε
941 630 998 692 sed
1013 629 1112 694 etiam
1126 638 1163 693 ut
1177 631 1322 710 βεβαιώ-

223 755 293 802 σεις
321 755 447 817 quoque
477 755 592 812 causae,
618 733 652 796 id
681 739 740 812 est,
770 731 998 817 probationum
1028 734 1205 798 statumina
1233 736 1321 800 eolli-

222 843 350 919 gantur,
381 837 497 920 quibus
529 837 639 901 Judiei
668 836 747 901 fides
776 837 843 915 fiat,
867 836 908 900 ad
930 837 1023 902 litem
1046 858 1086 902 ex
1107 839 1208 904 altera
1230 847 1321 924 parte

222 939 471 1023 terminandam.
1263 1026 1265 1029 ι

265 1043 402 1106 Possent
416 1043 486 1106 haeo
497 1043 567 1127 jam
582 1042 660 1106 satis
676 1062 744 1106 osse
757 1041 833 1106 huic
849 1041 1017 1121 instituto;
1041 1044 1106 1108 nisi
1121 1046 1206 1128 quod
1221 1055 1321 1112 restet

168 1173 169 1176 ¹
223 1144 328 1209 adhue
342 1167 426 1210 unus
446 1145 576 1229 (credo),
592 1150 649 1209 aut
664 1145 754 1223 alter,
769 1143 822 1208 vix
834 1144 952 1228 dignus
966 1147 1091 1211 vindice
1110 1149 1235 1212 nodus:
1258 1151 1322 1214 nisi

223 1247 309 1330 quod
335 1248 384 1330 (ut
406 1255 456 1312 est
480 1249 542 1313 hoo
565 1248 716 1312 saeculum
742 1249 900 1331 nostrum)
930 1250 1132 1332 quorundam
1152 1252 1320 1318 hominum

223 1349 327 1434 quivis
351 1351 530 1434 serupulus,
554 1350 703 1435 scopulus
727 1357 787 1414 est.
833 1351 1015 1415 causantur
1037 1352 1122 1436 adigi
1143 1355 1205 1419 hoo
1226 1363 1320 1439 paeto

221 1453 368 1518 homines
389 1455 430 1518 ad
449 1455 676 1539 jusjurandum
697 1453 862 1517 infinitum
874 1479 883 1530 ς
911 1454 975 1518 nisi
998 1463 1083 1535 ante,
1111 1459 1319 1541 quaestionem

220 1555 350 1635 habere,
372 1563 456 1640 post,
475 1557 698 1640 juramentum
721 1555 844 1619 deferre
866 1555 971 1620 liceat.
1028 1558 1144 1642 Ejusce
1166 1561 1214 1624 rei
1236 1563 1320 1626 ratio

219 1661 290 1744 jam
305 1666 380 1725 ante
400 1683 420 1725 a
439 1681 491 1725 me
512 1659 648 1725 reddita.
693 1659 781 1724 Nolo
799 1659 868 1743 jam
883 1660 936 1724 hio
953 1682 1134 1746 recoquere.
1179 1666 1319 1730 Tantum

149 1824 156 1835 ,
221 1763 256 1826 id
276 1764 446 1843 contendo,
462 1763 548 1848 quod
570 1762 713 1827 defertur
735 1761 775 1826 iis
798 1762 838 1826 de
860 1784 949 1828 more
966 1765 1198 1848 juramentum,
1213 1768 1321 1833 infini-

222 1865 299 1929 tatis
320 1865 451 1928 nomine
477 1863 629 1927 declinari
653 1882 720 1926 non
739 1882 843 1945 posse.
888 1863 978 1926 Dum
994 1863 1082 1927 enim
1098 1865 1247 1930 Jeremiae
1261 1868 1318 1948 illi,

225 1968 292 2052 (qui
310 1988 435 2050 semper
454 1967 490 2030 in
507 1965 680 2049 Theologia
695 1964 800 2028 habiti
819 1970 896 2028 sunt
912 1965 1125 2050 jurisjurandi
1146 1968 1264 2033 limites
1286 1980 1319 2037 et

222 2071 312 2155 quasi
325 2071 418 2154 fines)
433 2069 675 2148 adhibeanturl’,
698 2069 734 2143 in
744 2070 885 2148 uerttute,
892 2070 1033 2150 justitio,
1040 2071 1174 2151 judicio,
1192 2073 1320 2140 abunde
1391 2100 1394 2104 ⁸

222 2175 298 2238 satis
315 2172 590 2256 circumscriptum
610 2177 679 2248 est3
702 2191 764 2234 nec
784 2170 862 2234 alios
878 2171 1036 2254 scriptura
1049 2173 1130 2236 fines
1150 2182 1206 2239 aut
1221 2198 1318 2260 agno·

222 2279 292 2357 soit,
309 2285 364 2342 aut
379 2277 529 2362 postulat.
569 2278 598 2340 l.
614 2275 654 2338 Iu
667 2275 809 2351 ueritate,
821 2295 895 2338 vere
910 2274 1093 2354 scilicetne
1108 2277 1195 2360 quid,
1208 2291 1320 2346 contra

223 2368 319 2466 quam
336 2382 396 2446 sibi
411 2380 556 2446 conscius
571 2386 630 2457 est,
646 2378 788 2464 dejerare
810 2383 952 2461 cogatur.
999 2378 1168 2445 Quomodo
1183 2383 1320 2449 Micheae

223 2485 365 2549 delatum
391 2489 449 2563 est,
487 2483 538 2546 Ne
570 2482 726 2565 eloquaris
751 2481 828 2544 ruiti
851 2480 913 2544 uisi
941 2482 1114 2562 ueritatem,
1140 2484 1175 2546 iu
1200 2489 1321 2550 nomine

221 2589 348 2652 Domini
357 2598 380 2653 1.
415 2586 484 2651 Aut
499 2586 526 2649 si
541 2585 596 2654 oui,
613 2584 715 2669 magis
729 2583 865 2648 Paulina
884 2583 1009 2667 placeat
1029 2588 1202 2667 attestatio,
1232 2591 1319 2654 Veri-

221 2699 317 2756 tatem
332 2693 443 2768 dteam,
453 2711 515 2773 per
533 2689 699 2767 Christum,
715 2708 777 2752 nou
791 2688 935 2766 mentiar,
956 2694 1124 2753 attestante
1138 2692 1214 2755 miti
1228 2695 1323 2758 simul

220 2795 408 2859 couscientia
429 2813 497 2856 mea
509 2812 571 2874 per
594 2791 748 2873 Spiritum
769 2791 947 2856 Sauetum‘.
983 2792 1041 2855 Sat
1065 2792 1205 2876 aprima
1227 2803 1320 2879 parte

219 2898 348 2961 finitum
374 2903 432 2961 est.
481 2899 512 2960 2.
535 2895 575 2958 Iu
587 2894 729 2976 justitia,
746 2893 833 2976 justo
860 2893 998 2973 scilieet;
1022 2915 1137 2980 nempe
1159 2904 1206 2977 ut,
1223 2906 1255 2962 et
1280 2900 1319 2964 de

219 2998 364 3082 possibili
389 2998 527 3081 juretur,
554 2995 594 3060 de
620 3016 683 3079 quo
707 2995 790 3059 cavit
816 3015 924 3059 servus
946 2995 1096 3076 Abrahae,
1125 2999 1208 3062 Gen.
1234 3000 1318 3064 xxiv.

221 3071 425 3170 naun-ut
446 3070 543 3178 us
558 3097 592 3161 id
607 3104 664 3177 est,
679 3098 1071 3163 recusemusque
1094 3101 1226 3165 uranei
1241 3125 1318 3186 quo.

219 3224 282 3288 que
296 3203 377 3288 ipsi:
399 3203 450 3266 De
464 3202 574 3285 quibus
588 3202 686 3264 seium
702 3207 882 3283 poteroque.
925 3202 969 3265 Et
984 3201 1024 3265 de
1038 3203 1184 3283 honesto,
1201 3204 1241 3268 de
1256 3227 1319 3288 quo

218 3314 372 3372 eavemnt
385 3306 444 3385 illi,
460 3307 551 3371 Esrae
564 3327 595 3370 x.
612 3307 642 3370 3.
662 3304 770 3386 fluv*
795 3305 947 3384 utin),
970 3303 1078 3385 idest,
1095 3314 1194 3388 prout
1207 3306 1318 3390 forma

209 3412 298 3493 juris
318 3411 427 3493 eripit.
471 3409 573 3474 Divus
596 3408 715 3475 Paulus
731 3429 857 3493 quoque
871 3408 946 3474 Aet.
962 3409 1049 3474 xxiii.
1066 3412 1097 3474 3.
1144 3411 1319 3475 Secundum

218 3516 255 3578 id
267 3515 351 3597 quod
363 3517 397 3578 iu
412 3516 476 3597 leqe
491 3520 547 3578 est.
595 3515 652 3578 Sat
668 3535 687 3577 a
702 3513 843 3578 secunda
863 3520 954 3597 parte
976 3515 1105 3578 finitum
1120 3523 1179 3579 est.
1225 3519 1254 3579 3.
1278 3517 1318 3579 Iu

209 3619 344 3700 judicio,
368 3617 402 3681 id
433 3623 482 3680 est
508 3622 643 3695 mature,
678 3616 735 3699 (sio
763 3615 850 3680 enim
880 3616 1085 3700 distinguunt
1110 3618 1314 3701 interpretes)

217 3727 255 3785 ut
279 3742 321 3785 ne
340 3727 473 3785 temere.
518 3720 569 3783 De
590 3741 653 3804 quo
678 3719 831 3783 Salomon
855 3719 941 3783 Eecl.
957 3741 986 3782 v.
1000 3723 1028 3783 l.
1072 3721 1126 3783 Ne
1156 3720 1318 3804 proferens

217 3824 296 3908 quid
317 3846 423 3889 coram
449 3824 520 3888 Deo
547 3824 722 3886 accelerare
744 3842 796 3884 ore
817 3827 968 3903 eoqutur,·
995 3821 1052 3885 sed
1075 3823 1178 3906 spatio
1204 3823 1244 3886 ad
1262 3823 1317 3886 de-

216 3927 420 3992 liberandum
449 3925 648 4009 interposito,
678 3924 725 3988 ita
751 3923 882 3988 demum
910 3924 1112 4006 respondere.
1170 3926 1217 3990 Hi
1241 3932 1317 3989 sunt

218 4050 298 4113 quos
320 4027 499 4113 juramenti
521 4028 603 4091 fines
629 4047 725 4091 sacrae
747 4026 849 4090 literae
871 4033 1061 4109 agnoscunt,
1086 4048 1146 4092 nee
1163 4035 1317 4111 praeterea

217 4133 388 4215 quiequam
417 4131 593 4215 postulant,
615 4137 653 4194 ut
683 4129 849 4194 definitum
882 4130 932 4192 sit.
987 4131 1065 4194 Tres
1091 4131 1145 4194 isti
1172 4131 1199 4194 si
1224 4131 1317 4194 adhi-

215 4234 372 4300 beantur:
412 4239 441 4298 1.
465 4235 538 4297 Nou
567 4236 677 4317 loquor
705 4235 767 4296 uisi
795 4234 957 4296 ueritatem
977 4235 1012 4296 iu
1034 4235 1154 4297 nomine
1176 4234 1314 4299 Domini.

215 4341 247 4403 2.
263 4340 312 4403 De
324 4338 436 4422 quibus
450 4339 548 4402 seiam
557 4344 737 4420 poteroque,
749 4343 780 4400 et
789 4343 886 4419 prout
901 4358 921 4400 u
935 4357 983 4400 rue
989 4335 1097 4419 formu
1108 4338 1197 4400 Juri's
1206 4339 1314 4419 eripit.

345 4467 356 4498 ν
373 4458 389 4507 J
391 4473 424 4508 er.
437 4458 470 4507 iv.
483 4459 505 4506 2.
918 4465 927 4490 ¹
944 4456 1015 4506 Rom.
1029 4456 1064 4505 ix.
1077 4458 1100 4505 1.

345 4532 357 4563 ‘1
375 4526 387 4572 1
402 4523 461 4585 Reg.
474 4521 536 4571 xxii.
550 4523 588 4571 16.
918 4529 926 4552 ¹
945 4521 1021 4586 [Gen.
1033 4521 1102 4573 xxiv.
1116 4521 1149 4585 5.]
