2970 4914
270 269 334 333 176
681 282 832 332 semrom
852 283 952 331 rama

268 440 310 503 sit
324 459 484 523 opponere
500 458 568 502 sese
584 439 754 503 consensui
768 437 956 502 universalis
971 435 1131 502 Ecclesiae.
1165 437 1368 520 Molesteque

267 541 376 605 ferunt
391 562 445 605 me
460 540 577 604 dixisse
593 541 663 624 jam
684 540 761 604 inde
776 561 795 603 a
808 541 961 624 proximis
977 539 1212 604 successoribus
1227 541 1369 622 Aposto-

268 644 373 708 lorum
390 643 510 726 passim
532 650 698 726 receptum
722 643 819 707 fuisse
844 643 879 706 in
900 643 1052 720 Ecclesia,
1069 649 1107 706 ut
1128 643 1214 706 inter
1236 642 1369 727 presby·

267 754 354 811 teros
390 747 486 810 unius
523 747 612 810 urbis
649 768 735 810 unus
772 746 887 829 aliquis
924 745 1091 825 emineret,
1127 752 1161 808 et
1189 745 1368 829 Episcopus

266 857 442 914 vocaretur.
489 849 554 914 Sed
578 871 652 914 cum
677 848 817 933 plurima
839 849 914 927 sint,
940 868 1010 931 quae
1036 849 1106 912 Rex
1128 848 1164 911 in
1186 869 1259 912 meo
1284 848 1368 912 libro

267 958 448 1015 transverso
472 951 563 1015 obelo
587 951 740 1030 confodit,
757 972 827 1035 quae
850 951 980 1034 quidem
1002 952 1172 1034 sapienter,
1188 959 1225 1014 ut
1248 952 1367 1030 omnia,

268 1054 454 1133 observavit,
472 1060 505 1118 et
519 1054 700 1118 incredibili
714 1053 839 1138 ingenii
861 1053 1035 1118 acrimonia
1043 1080 1053 1132 3
1076 1054 1140 1116 tria
1154 1061 1264 1117 tamen
1280 1061 1366 1134 sunt,

268 1177 339 1240 quae
353 1157 511 1241 praecipue
526 1178 600 1221 eum
620 1156 797 1221 offendunt.
843 1156 989 1220 Primum
1011 1164 1062 1220 est
1083 1157 1175 1236 illud,
1196 1158 1283 1240 quod
1301 1156 1368 1220 dixi

267 1260 303 1323 in
326 1260 420 1324 Novo
445 1261 653 1324 Testamento
676 1256 833 1344 Episcopi
856 1265 890 1323 et
919 1258 1103 1344 Presbyteri
1131 1261 1264 1323 nomina
1292 1281 1364 1343 pro-

268 1364 389 1428 miscue
412 1385 470 1448 pro
491 1364 608 1428 iisdem
623 1363 734 1448 accipi.
779 1364 929 1428 Alterum
953 1370 1011 1442 est,
1028 1363 1114 1446 qnod
1135 1385 1241 1428 assero
1263 1386 1368 1427 unum

268 1466 469 1550 eundemque
484 1487 553 1530 esse
564 1466 712 1530 ordinem
720 1466 904 1551 Presbyteri
915 1473 948 1530 et
959 1466 1119 1549 Episcopi.
1146 1466 1290 1530 Tertium
1305 1474 1366 1545 est,

267 1569 364 1653 idque
390 1569 621 1653 gravissimum,
649 1570 734 1654 quod
760 1591 876 1634 censeo
900 1570 1121 1653 Episcopalem
1144 1569 1368 1656 arpocraolav⁰

267 1693 335 1735 non
350 1693 417 1736 esse
428 1673 511 1756 juris
526 1672 635 1752 divini,
646 1694 708 1737 neo
722 1680 819 1757 caput
832 1672 918 1752 fidei,
931 1672 987 1737 sed
1001 1695 1070 1736 rem
1085 1694 1156 1736 esse
1171 1673 1256 1736 circa
1270 1692 1368 1756 quam

268 1782 360 1839 vetus
384 1775 529 1839 Ecclesia
550 1796 610 1839 usa
634 1775 676 1839 sit
700 1797 758 1839 sua
779 1775 929 1840 libertate
954 1783 987 1839 et
1012 1774 1193 1860 prudentia,
1216 1776 1367 1860 judicans

268 1879 543 1963 praeminentiam
564 1879 661 1942 unius
684 1900 753 1943 esse
775 1879 1095 1943 accommodatiorem
1117 1879 1223 1944 ordini
1241 1880 1367 1945 ⁴tuendo

48 2002 51 2009 ’
150 2016 154 2029 s
268 1990 301 2047 et
316 1983 387 2067 paci
402 1983 643 2047 conservandae:
667 1988 700 2046 et
721 2003 815 2066 posse
837 1982 923 2046 inter
946 1980 1104 2047 Ecclesiae
1129 1983 1308 2066 superbae
1331 2003 1367 2047 re

268 2085 484 2169 discrepantes
515 2093 635 2148 sartam
665 2104 734 2148 esse
762 2084 985 2168 integramque
1015 2085 1229 2150 concordiam.
1284 2086 1367 2150 Haec

269 2189 398 2273 quidem
419 2189 522 2253 fateor
537 2210 556 2252 a
571 2210 624 2252 me
647 2187 773 2271 scripta,
790 2209 861 2272 quae
883 2208 924 2250 ne
942 2187 1094 2251 aliorsum
1114 2188 1293 2267 trahantur,
1310 2195 1367 2252 aut

268 2290 465 2376 accipiantur
493 2292 528 2355 in
558 2291 735 2374 sequiorem
764 2297 898 2374 partem,
926 2311 997 2374 quae
1024 2291 1066 2354 sit
1095 2312 1190 2374 super
1218 2291 1269 2354 his
1293 2313 1368 2355 mea

268 2415 370 2474 mens,
380 2394 491 2478 paucis
507 2393 622 2478 accipe.
671 2393 727 2478 [1.]
746 2393 823 2457 Dixi
837 2393 986 2477 equidem
1001 2394 1037 2456 in
1051 2394 1146 2457 Novo
1158 2395 1367 2458 Testamento

268 2519 360 2562 voces
382 2497 532 2582 Episcopi
554 2503 586 2560 et
602 2495 787 2582 Presbyteri
807 2496 939 2580 perinde
961 2496 1070 2580 accipi,
1087 2496 1143 2560 sed
1165 2518 1232 2560 non
1255 2497 1367 2580 putavi

268 2599 345 2664 inde
359 2599 507 2663 imminui
522 2599 714 2684 dignitatem
727 2598 958 2684 Episcopalem,
975 2620 1050 2663 cum
1067 2599 1219 2682 loquutus
1242 2600 1303 2662 sim
1326 2600 1367 2663 de

269 2703 337 2767 solo
359 2702 500 2781 nomine,
521 2723 588 2766 non
611 2701 651 2766 de
674 2701 741 2766 solo
764 2722 916 2766 munere:
940 2701 1138 2786 habeamque
1160 2709 1276 2786 praeter
1296 2703 1368 2766 loca

270 2805 444 2888 Scripturae
467 2805 594 2883 diserta,
619 2803 867 2882 consentientes,
890 2809 1006 2887 praeter
1031 2802 1259 2888 Presbyterum
1286 2804 1366 2868 Hie-

267 2904 474 2992 ronymumi,
497 2906 718 2971 celeberrimos
744 2905 917 2990 Episcopos
939 2907 1054 2970 veteris
1080 2906 1240 2986 Ecclesiae,
1261 2907 1365 2992 Chry-

268 3017 455 3087 sostomum,
482 3007 699 3087 Ambrosium,
725 3007 972 3085 Theodoretum,
999 3009 1054 3092 qui
1083 3030 1149 3073 non
1172 3016 1366 3093 putaverunt

267 3110 329 3175 sibi
343 3110 448 3174 fraudi
469 3131 547 3189 esse,
569 3117 625 3174 aut
648 3131 705 3194 per
725 3107 787 3174 hoc
811 3109 851 3174 de
873 3131 930 3174 sna
951 3109 1110 3194 dignitate
1125 3111 1362 3202 quicquamnde·

265 3213 360 3292 trahi,
376 3213 403 3278 si
417 3233 509 3278 voces
530 3211 680 3297 Episcopi
703 3219 736 3277 et
756 3212 939 3298 Presbyteri
962 3213 1110 3296 primitus
1133 3214 1245 3279 eodem
1269 3235 1366 3278 sensu

265 3322 433 3401 usurpatas
454 3315 553 3380 fuisse
576 3315 768 3380 crederetur.
816 3315 873 3400 [2.]
899 3315 1055 3380 Ordinem
1070 3337 1145 3380 vero
1166 3317 1318 3402 Episcopi
1333 3325 1366 3382 et

266 3419 450 3506 Presbyteri
465 3419 532 3484 dixi
546 3440 648 3483 unum
663 3440 733 3483 esse
752 3419 963 3502 eundemque,
980 3420 1025 3484 sic
1045 3419 1132 3483 enim
1154 3441 1278 3503 semper
1293 3442 1367 3484 sen·

265 3524 307 3590 sit
328 3531 420 3588 vetus
442 3522 597 3601 Ecclesia,
611 3522 760 3606 idemque
782 3522 887 3587 adhuc
910 3523 1009 3586 sentit
1033 3523 1178 3586 Ecclesia
1204 3524 1364 3602 Romana,

266 3647 450 3710 quanquam
471 3626 507 3689 in
530 3645 577 3704 ea,
593 3625 680 3688 inter
694 3625 915 3710 Episcopalem
935 3646 1095 3709 pompam,
1112 3632 1145 3689 et
1160 3625 1365 3710 Presbytero-

265 3749 339 3793 mm
363 3729 480 3807 sordes,
511 3727 698 3793 incredibile
729 3727 772 3791 sit
802 3727 984 3792 discrimen.
1029 3727 1111 3791 Inde
1137 3735 1196 3805 est,
1221 3726 1306 3810 quod
1331 3728 1366 3790 in

266 3831 446 3895 Pontificali
478 3831 625 3896 Romano
656 3830 764 3914 agitur
792 3830 832 3894 de
861 3830 1100 3895 consecratione
1135 3829 1295 3913 Episcopi,
1327 3830 1366 3894 de

266 3934 467 3998 ordinatione
481 3955 555 3998 vero
570 3933 720 4018 Episcopi
734 3955 903 4016 nusquam.
949 3934 1076 4015 Nempe
1097 3933 1185 3996 aliud
1206 3940 1256 3996 est
1277 3933 1365 4011 ordo,

267 4035 354 4100 aliud
374 4036 508 4120 gradm:
531 4043 667 4120 possunt
689 4035 800 4119 utique
823 4035 967 4120 ejusdem
990 4034 1111 4099 ordinis
1133 4035 1281 4100 homines
1305 4035 1367 4098 dif-

302 4221 478 4272 ‘Primatum
840 4221 992 4286 Episcopum
1020 4225 1096 4285 atque
1124 4221 1367 4284 Presbyterum.”-

213 4302 215 4306 ·
302 4285 507 4351 ‘¹[“Apostolus
523 4285 611 4337 doceat
625 4285 726 4338 eosdem
743 4301 796 4336 asse
840 4285 944 4350 §.Hier
954 4286 1000 4349 Ep.
1012 4288 1087 4336 cxlvi.
1095 4287 1162 4337 Vall.
1177 4285 1366 4349 (al.lxxxv.)ad

271 4350 431 4414 Presbyteros
442 4365 504 4414 quos
514 4351 657 4414 Episcopos
669 4386 676 4400 .
688 4387 695 4401 .
707 4389 714 4402 .
725 4351 796 4400 Audi
839 4351 934 4414 Evang.
948 4354 1006 4402 sect
1019 4352 1036 4401 i.
1054 4352 1110 4416 Op,
1126 4355 1188 4402 tom.
1199 4352 1217 4400 i.
1234 4350 1280 4402 col
1293 4351 1365 4404 1075.

270 4419 297 4466 et
314 4414 385 4466 aliud
402 4416 586 4477 testimonium,
603 4416 631 4464 in
649 4430 698 4478 quo
717 4417 796 4466 mani-
839 4418 871 4466 A.
884 4415 913 4467 Β.
925 4415 964 4480 0.]

270 4480 406 4532 festissims
422 4482 599 4543 comprobatur
618 4480 726 4531 eundem
744 4495 796 4531 esse
