2970 4914
194 278 197 283 ·
241 258 285 321 64
587 271 703 319 concio
725 270 842 319 mnus
863 269 990 317 monn

240 434 273 489 et
288 424 446 509 quomodo
458 426 571 508 Reges,
584 425 629 488 sio
643 425 775 509 populos
789 431 951 488 mutantes
965 423 1001 486 in
1014 421 1199 506 Religione:
1223 419 1342 485 sentiet

239 529 497 613 operaepretium
519 550 596 607 esse,
612 535 649 592 ut
673 528 838 593 Salomoni
852 529 938 591 solur
952 528 1053 605 detur,
1069 546 1111 589 ne
1133 524 1259 589 sublato
1273 523 1341 602 illo,

240 635 262 697 J
264 633 412 697 eroboam
426 654 556 717 peccare
570 633 666 697 faciat
681 631 855 697 Israelemi.
885 632 959 698 Quo
981 653 1057 715 ergo
1081 629 1242 695 Gentibus
1255 630 1342 691 rulu-

240 733 301 800 tem
315 737 380 815 det,
395 735 531 818 Rcyiboa
544 737 675 800 salutem
690 736 766 799 dot.-
790 736 833 799 Et
849 735 979 799 honoris
1002 735 1051 799 sui
1071 755 1165 798 eausa
1173 758 1183 810 ;
1206 735 1251 797 Et
1266 754 1343 797 vero

239 840 337 904 etiam
360 840 494 903 humani
520 839 646 923 generis
670 860 773 918 eausa,
798 832 941 923 Regibus
965 839 1100 904 salutem
1122 839 1186 903 dat.
1233 837 1343 904 Quare

240 945 378 1010 salutem
392 944 456 1024 det,
472 951 586 1008 notum
604 944 684 1029 jam.
730 944 803 1010 Quo
822 943 919 1007 modo
934 942 997 1023 det,
1013 943 1048 1007 id
1063 949 1216 1028 superest.
1262 945 1343 1008 Pro-

239 1069 317 1133 pero
333 1048 447 1113 dicere.

289 1151 421 1214 Verbum
442 1150 582 1234 primum
604 1151 763 1229 mittendo,
785 1156 823 1214 ut
846 1155 949 1215 servet
971 1150 1061 1214 illos:
1087 1149 1146 1214 Sin
1168 1149 1204 1214 id
1229 1172 1344 1235 parum

240 1259 307 1331 est3
330 1275 454 1316 marram
469 1273 594 1336 quoque
609 1253 787 1332 ecrerendo,
802 1259 840 1316 ut
855 1252 968 1317 afferat
983 1253 1118 1316 salutem
1133 1252 1208 1318 illis.

290 1357 389 1420 Verbo
414 1356 555 1441 primum
579 1357 700 1419 eolalia
745 1357 843 1434 Nam,
863 1378 905 1420 ne
931 1355 1107 1439 quisquam,
1134 1356 1344 1439 quamDeus

240 1460 377 1524 salutem
407 1458 505 1537 dedit,
536 1458 724 1522 intervertat
754 1459 835 1537 Illis,
868 1459 951 1522 cavit
980 1459 1085 1522 edicto
1113 1459 1241 1543 triplici,
1268 1480 1343 1543 quo,

245 1561 346 1646 (quasi
359 1562 443 1625 vallo
459 1560 588 1645 triplici)
605 1560 743 1625 munivit
758 1562 894 1625 salutem
910 1561 1054 1645 Regiam.

288 1666 317 1728 1.
341 1664 448 1727 Nolite
471 1671 597 1747 looqere
623 1663 737 1727 Uoclor
756 1663 876 1727 merel:
912 1665 985 1732 Quo
1007 1664 1090 1730 cavit
1104 1671 1216 1728 contra
1229 1687 1346 1729 manus

245 1766 441 1833 violentiam.
501 1814 504 1819 -

289 1872 321 1934 2.
345 1870 489 1951 Priaripi
504 1871 615 1951 populi
641 1871 688 1933 tui
712 1891 773 1933 ooo
798 1868 985 1933 moledieeel
1033 1870 1106 1936 Quo
1128 1870 1211 1934 cavit
1233 1877 1347 1935 contra

246 1974 366 2058 linguae
380 1972 594 2036 virulentiam.
899 1968 907 1982 ⁰

289 2080 319 2140 3.
343 2076 383 2138 Io
398 2076 583 2157 ooyiloliooe
599 2081 653 2137 luo
668 2075 747 2158 Περὶ
762 2096 800 2139 oe
814 2077 999 2140 detraham.
1041 2077 1114 2143 Quo
1129 2084 1241 2141 contra
1255 2099 1346 2142 men·

246 2179 289 2242 tis
305 2199 432 2262 quoque
446 2178 545 2261 ipsius
558 2199 672 2261 vagam
687 2179 908 2262 petulantiam

289 2283 333 2346 Et
348 2282 389 2345 ab
403 2281 454 2344 his
468 2280 580 2359 tribus,
597 2282 624 2344 si
638 2282 716 2345 satis
732 2283 819 2362 salvi,
836 2284 986 2348 salvares
1008 2293 1103 2349 esset:
1128 2285 1254 2349 abunde
1269 2284 1348 2349 satis

247 2385 427 2449 consultum
442 2384 534 2463 foret,
551 2385 646 2447 saluti
660 2386 786 2467 Reyom.
823 2387 886 2465 Ita,
898 2387 1017 2470 triplici
1032 2388 1093 2451 hoo
1107 2390 1242 2452 salutari
1255 2388 1347 2452 verbo

246 2487 406 2572 prospicit,
422 2488 563 2550 nosulae
578 2508 688 2550 eorum
703 2487 738 2549 in
753 2488 924 2552 discrimen
938 2489 1053 2554 veniat.

292 2591 350 2655 Sin
363 2591 432 2653 haec
447 2590 523 2653 satis
537 2611 604 2653 non
621 2597 695 2653 sunt
716 2591 787 2673 (nec
809 2591 885 2655 satis
907 2613 989 2675 saepe
1012 2600 1087 2656 sunt
1098 2593 1118 2674 ε)
1143 2593 1199 2657 sed
1214 2592 1348 2677 disjecto

246 2694 307 2758 hoc
322 2693 440 2777 triplici
455 2693 546 2772 vallo,
558 2692 624 2774 filii
640 2694 744 2772 alieni,
760 2700 793 2757 ot
810 2694 943 2758 consilia
957 2716 1101 2779 coquere,
1118 2702 1150 2759 ct
1165 2697 1262 2760 verba
1276 2718 1347 2760 mu·

136 2850 140 2857 .
248 2796 309 2859 tire
332 2795 480 2873 audeant,
503 2800 536 2859 ot
558 2816 632 2859 vero
657 2817 790 2859 manum
813 2797 911 2859 ctiam
936 2798 1059 2862 elevare
1085 2804 1197 2863 contra
1222 2800 1348 2863 Unctus

250 2898 402 2962 Domini:
426 2907 498 2960 tum
512 2919 596 2976 vero,
612 2906 650 2961 ut
664 2905 713 2962 est
728 2899 763 2961 in
778 2920 871 2962 versu
887 2902 930 2978 7⁰,
946 2901 1048 2963 mittet
1070 2922 1193 2963 monum
1207 2922 1295 2965 auom
1310 2902 1349 2964 de

250 3002 334 3080 coelo,
349 3021 482 3064 manum
504 3021 594 3063 suam
617 3000 656 3064 de
678 3002 758 3065 coelo
780 3002 897 3080 mittet,
921 3010 954 3066 et
976 3003 1016 3067 de
1038 3003 1145 3068 medio
1167 3003 1349 3068 discrimine

249 3104 362 3187 eripiet
388 3124 450 3167 eos.
498 3103 571 3166 Hoc
596 3123 670 3166 vero
700 3102 829 3182 scilicet,
853 3105 1041 3188 opponendo
1071 3127 1113 3184 se,
1136 3111 1208 3170 tum
1237 3113 1351 3171 contra

250 3207 383 3272 consilia
396 3207 546 3290 ipsorum,
563 3213 634 3269 tum
649 3213 761 3269 eontra
774 3206 867 3290 ipsos.

293 3311 415 3374 Contra
429 3308 561 3372 consilia
575 3308 726 3393 ipsorum,
742 3309 860 3392 partim
875 3309 1006 3394 quidem
1021 3331 1059 3374 ea
1074 3310 1262 3394 detegendo,
1275 3332 1350 3375 cum

248 3413 302 3478 vix
317 3413 394 3477 dum
410 3419 500 3476 cocta
514 3418 610 3475 sunt:
633 3411 752 3497 partim
766 3434 841 3494 vero
856 3412 1047 3496 dissipando,
1065 3414 1258 3493 etiamtum,
1275 3435 1350 3479 cum

249 3525 349 3596 cocta,
366 3514 504 3594 condita,
520 3514 618 3579 etiam
633 3522 714 3595 tum,
731 3537 804 3579 eum
818 3523 930 3600 parata
945 3523 1020 3580 sunt
1035 3517 1152 3593 omnia,

292 3621 341 3684 Ac
357 3619 542 3702 detegendis
557 3619 686 3703 quidem
700 3619 829 3683 illorum
840 3620 979 3684 consiliis
987 3641 1122 3702 parasse
1136 3618 1259 3684 sedicit
1274 3619 1351 3685 nlibi

250 3726 407 3787 lucernum
426 3722 544 3785 Uocto¹²
559 3743 626 3786 suo.
670 3722 854 3800 brodoam,
877 3722 911 3785 id
934 3727 982 3785 est
1005 3721 1135 3800 scilicet,
1158 3722 1252 3787 fidele
1274 3744 1350 3788 con·

251 3826 376 3903 silium3
399 3832 432 3889 et
448 3824 503 3909 qui
518 3824 557 3888 ab
573 3845 611 3888 eo
626 3829 701 3886 sunt
711 3843 721 3897 3
747 3823 782 3906 (ii
802 3845 918 3906 nempe
941 3825 1068 3906 Regum
1089 3824 1227 3888 lucemae
1250 3828 1348 3910 simt,)

252 3948 388 4012 quorum
410 3933 467 4005 est,
484 3927 609 3991 occulta
629 3925 765 3988 istorum
786 3925 953 3988 molimina
974 3926 1183 4008 perscrutari:
1208 3927 1272 3991 Sed
1293 3928 1352 3993 ubi

254 4033 379 4093 lacerno
394 4030 492 4113 Regis
507 4028 623 4107 deficit,
639 4027 686 4092 ibi
692 4026 805 4110 fulqar
819 4028 882 4092 Dei
896 4027 1017 4111 incipit.
1044 4028 1097 4092 Sic
1112 4029 1198 4092 enim
1212 4052 1308 4094 versu
1319 4035 1350 4096 6.

254 4133 311 4196 ubi
324 4133 360 4195 in
375 4135 507 4196 lucerna
528 4133 608 4198 lucis
634 4133 711 4198 satis
729 4154 797 4197 non
821 4139 916 4211 esta
937 4153 971 4195 se
989 4131 1095 4214 (misso
1118 4155 1137 4195 a
1159 4155 1192 4197 se
1215 4134 1254 4198 de
1269 4135 1353 4201 coelo

383 4327 390 4359 ¹
407 4329 420 4376 1
433 4327 494 4391 Reg.
506 4343 547 4379 xv.
560 4331 598 4380 30.
982 4337 998 4360 m
1015 4325 1108 4379 Eccles
1120 4344 1144 4378 x.
1158 4330 1197 4379 19.

382 4391 393 4423 ¹¹
411 4392 476 4442 Psal.
489 4407 525 4442 cv.
538 4394 577 4443 15.
982 4403 993 4424 ¹¹
1012 4393 1067 4443 Psa.
1079 4393 1175 4443 cxxxii.
1187 4394 1225 4444 18.

385 4455 392 4488 ¹
413 4455 492 4506 Exod.
506 4457 568 4507 xxii.
581 4459 620 4508 28.
