2970 4914
466 230 502 313 us
525 265 648 315 sruono
670 266 885 331 rnovmcnm,
908 267 975 316 me.
1225 254 1269 318 49

170 417 250 481 fiant
272 418 506 503 increpationes
530 421 565 485 in
580 423 721 504 Popul'.
766 423 906 505 Populus
929 421 1016 486 enim
1038 429 1149 486 noster
1172 440 1268 506 quam

173 520 302 605 (quaeso)
336 523 372 586 in
401 523 470 606 ipsa
498 525 616 603 Domo,
646 525 683 588 in
712 525 812 605 cultu,
842 527 879 588 in
908 525 1080 608 praesentia
1108 524 1172 589 Dei
1199 547 1268 590 non
1356 594 1359 599 ,

168 623 359 708 religiosus?
406 628 513 694 Quam
536 649 611 692 vero
636 627 796 712 supinus?
824 649 893 693 non
917 629 1040 712 aperire
1066 635 1173 712 caput,
1200 651 1267 693 non

167 725 335 793 incurvare
350 751 446 813 genu,
464 753 531 794 non
545 731 733 795 reverentiae
750 731 879 814 signum
893 732 996 794 ullum
1012 731 1172 809 exhibere,
1189 732 1267 794 dum

168 831 252 894 fiunt
281 853 415 914 preces:
450 855 516 897 non
547 834 609 897 alio
638 855 768 916 prorsus
799 839 856 896 aut
886 842 979 916 gestu
1009 841 1065 898 aut
1093 834 1208 898 habitu
1232 835 1267 897 in

168 935 301 1018 Templo
316 936 369 1001 hic
384 959 453 1001 rem
469 937 610 1002 divinam
625 937 742 1015 facere,
758 946 855 1020 atque
874 938 909 1001 in
929 959 1024 1002 scena
1037 939 1088 1002 vel
1102 938 1267 1002 orchestra

168 1037 358 1102 histrionem
379 1045 531 1124 spectare.
577 1040 671 1104 Idem
693 1040 748 1104 ille
771 1043 910 1123 Populos
931 1049 1041 1105 noster
1062 1062 1157 1125 quam
1172 1063 1266 1125 porro

167 1142 311 1224 procax?
338 1149 464 1207 utnon
487 1143 583 1207 modo
606 1143 764 1224 Artifices,
788 1145 844 1208 sed
866 1152 898 1208 et
920 1146 1107 1208 meliorata
1129 1145 1215 1228 jam,
1233 1150 1266 1208 et

168 1265 273 1328 operae
293 1247 494 1325 tabernariae,
509 1247 690 1329 immiscere
711 1269 743 1311 se
767 1248 998 1331 quaestionibus
1022 1247 1265 1326 Ecclesiasticis,

168 1355 200 1411 et
216 1348 307 1432 quasi
321 1349 356 1412 in
373 1351 513 1435 Synodo,
531 1351 575 1414 sic
595 1351 633 1413 in
655 1350 782 1416 officina
802 1353 919 1435 aliqua,
936 1352 1099 1415 abundare
1119 1351 1207 1414 istud
1230 1350 1266 1413 in
1347 1377 1349 1383 ·

167 1452 321 1532 Ecclesia,
347 1453 457 1517 deesse
484 1453 577 1530 illud,
603 1454 701 1517 nimis
724 1455 909 1537 petulanter
932 1455 1111 1518 decernere.
1158 1454 1265 1520 Quam

167 1554 305 1638 denique
329 1562 418 1620 totus
439 1557 585 1640 collapsis
604 1557 756 1636 moribus,
773 1579 870 1641 quam
893 1558 1012 1622 effusus
1025 1557 1062 1621 in
1076 1559 1199 1636 luxum,
1216 1559 1266 1622 vel

168 1659 326 1741 oenopolia
354 1666 404 1723 lot
434 1660 474 1723 de
502 1681 586 1724 novo
614 1660 719 1725 indies
748 1661 860 1724 multis
886 1661 921 1723 in
945 1661 1023 1724 locis
1049 1661 1264 1744 emergentia3

167 1784 264 1844 quam
286 1761 327 1825 ad
349 1763 448 1826 malas
471 1769 556 1827 artes
578 1763 776 1847 ingeniosus,
791 1764 843 1828 vel
864 1763 1011 1828 formulae
1025 1764 1178 1852 forenses,
1196 1764 1266 1846 qui-

166 1865 226 1929 bus
241 1866 339 1930 nullae
358 1866 428 1950 jam
449 1867 647 1930 membranae
665 1868 742 1951 satis
764 1867 878 1950 amplae
894 1873 990 1945 sunt3
1015 1889 1112 1950 quam
1126 1888 1265 1950 praeceps

166 1967 207 2031 ad
221 1968 408 2048 vindictam,
424 1969 475 2033 vel
497 1976 568 2048 tam¹
586 1968 690 2033 multa
711 1969 854 2054 quotidie
876 1969 911 2034 in
933 1991 1002 2033 rem
1022 1969 1265 2034 Causidicorum

165 2070 306 2153 pretiosa
327 2071 401 2136 odia
422 2077 455 2135 et
477 2093 596 2154 magno
619 2073 812 2152 constantia,
828 2079 1019 2156 argumento
1035 2093 1104 2136 esse
1119 2080 1264 2156 possunt.

166 2174 277 2256 AEgrae
298 2173 367 2238 haec
390 2181 467 2238 sunt
483 2175 631 2240 Civitatis
646 2175 766 2247 indicia
774 2201 783 2254 3
807 2181 937 2259 tempus
953 2181 1056 2240 estut
1071 2177 1264 2238 fianta'ocre-

160 2279 305 2357 potiooea
320 2278 353 2340 io
362 2279 498 2359 populis.

209 2381 386 2460 Postremo,
401 2381 517 2445 horum
533 2381 678 2446 omnium
699 2382 858 2446 abusuum
879 2382 1040 2445 medicina
1060 2381 1180 2444 abusus
1195 2381 1265 2464 ipsa

166 2489 216 2546 est
227 2509 237 2560 3
263 2483 369 2566 (redeo
392 2482 478 2547 enirn
503 2485 544 2548 ad
569 2486 640 2568 nos)
669 2487 811 2548 Cursore
832 2486 1003 2548 Ecclesiae:
1037 2484 1116 2562 Vos,
1145 2504 1263 2567 quaeso,

166 2587 324 2666 attendite,
352 2593 385 2650 et
410 2587 603 2651 medicinam
633 2588 784 2671 apponite
809 2587 980 2651 medicinae
1009 2593 1132 2650 vestrae.
1182 2587 1263 2652 Quae

163 2689 249 2753 enim
280 2691 320 2753 ad
350 2691 470 2754 scelera
498 2691 699 2774 profliganda
729 2692 805 2754 data
828 2698 921 2769 sunt,
942 2691 1106 2772 flagellum
1130 2688 1261 2767 Christi,

163 2795 264 2856 clover
288 2793 385 2872 Petri,
418 2795 517 2858 solam
545 2796 615 2878 jam
645 2816 832 2858 crumenam
862 2795 1014 2878 pulsant:
1059 2793 1113 2857 Ad
1143 2793 1264 2856 scelera

162 2918 245 2976 vero,
273 2904 305 2961 et
328 2897 490 2980 flagellum
514 2897 636 2962 Christi
665 2897 817 2962 funiculis
849 2904 1060 2975 exarmatum,
1088 2903 1121 2960 et
1151 2896 1261 2958 Glooes

146 3000 252 3064 'Petri
271 3000 464 3083 rubiginosae
480 3001 550 3084 jam
572 3008 658 3080 sunt,
673 3001 739 3064 nisi
753 3023 808 3066 vos
826 3001 955 3086 flagello
971 2999 1131 3064 funiculos
1151 3020 1262 3076 novos,

162 3125 281 3167 novum
318 3104 455 3166 clavibus
491 3103 703 3187 splendorem,
742 3107 911 3168 attentione
947 3110 1054 3168 vestra
1089 3103 1261 3165 inducatis.

162 3209 270 3290 Vulgo
291 3208 326 3271 id
349 3208 476 3286 dicitur,
501 3208 636 3272 taedium
660 3231 729 3274 esse
754 3209 878 3274 deferre
902 3209 944 3272 ad
963 3209 1118 3293 Officiolea
1139 3215 1262 3271 vestros

161 3311 379 3376 maleficorum
416 3332 623 3395 quenquam3
666 3313 723 3376 ubi
759 3313 847 3376 enim
885 3312 1002 3394 stipem
1038 3309 1260 3392 persolverint,

162 3414 284 3477 dimitti
305 3414 481 3497 impunitos
491 3441 501 3493 3
523 3436 583 3478 nec
604 3415 712 3477 minus
736 3422 809 3497 post
834 3437 930 3497 quam
954 3421 1041 3491 ante,
1057 3411 1136 3496 quin
1157 3411 1262 3474 multo

162 3516 266 3599 magis
294 3524 367 3599 post
403 3516 581 3580 insolenter
609 3516 780 3580 bacchari:
820 3517 936 3599 stipem
966 3515 1096 3599 quidem
1126 3514 1152 3576 si
1180 3514 1263 3576 nulli

160 3624 342 3697 numerent,
355 3618 383 3681 si
397 3639 550 3680 nummus
564 3617 600 3680 in
614 3624 768 3700 promptu
782 3636 850 3679 non
865 3622 923 3693 est,
936 3622 1008 3678 tum
1022 3635 1097 3677 vero
1112 3613 1263 3696 distringi

161 3719 196 3784 in
220 3742 275 3785 eos
299 3742 488 3784 mucronem
503 3726 646 3784 vestrum
668 3719 901 3802 Episcopalem,
918 3716 1088 3781 confestim
1109 3736 1175 3778 uno
1194 3716 1263 3778 ictu

161 3822 306 3887 abscindi
335 3822 375 3887 ab
400 3823 556 3901 Ecclesia,
583 3823 710 3886 Sotonae
738 3823 833 3900 tradi,
858 3821 1070 3903 publicanum,
1098 3820 1261 3897 ethnicum,

157 3928 327 3989 'eoolbemo
350 3925 543 3989 denuntiari.
590 3926 670 3992 Quae
688 3926 736 3988 illi
758 3927 837 4010 jam,
855 3926 929 4008 quia
948 3922 1091 3987 ridiculis
1105 3922 1140 3984 in
1154 3921 1261 4000 rebus,

160 4028 257 4112 idque
271 4027 307 4091 in
321 4028 480 4111 optimum
497 4049 657 4111 quemque
671 4028 791 4112 passim
806 4036 839 4091 et
854 4036 976 4090 temere
991 4025 1123 4088 volitare
1138 4024 1260 4102 vident,

164 4131 255 4215 quasi
271 4131 362 4194 bata
371 4128 539 4212 fulminat,
555 4137 588 4194 et
604 4131 663 4194 soli
677 4130 853 4194 metuenda
867 4150 1037 4206 crumenae,
1054 4135 1260 4192 contemnere

161 4233 344 4298 didicerunt
352 4257 361 4311 3
385 4253 422 4296 ae
438 4232 580 4316 quotidie
595 4233 698 4316 magis
713 4238 924 4297 contemnent
948 4239 1045 4314 atque
1067 4231 1182 4313 magis,
1197 4227 1262 4291 nisi

160 4358 315 4486 iiadalviiss
332 4358 428 4486 fgqp.
446 4357 528 4421 ldae·
551 4373 575 4424 p·
593 4361 656 4422 aas,
680 4361 722 4424 qui
740 4375 787 4410 nos
804 4359 900 4422 relegat
918 4359 949 4408 aa
968 4359 1081 4408 Plinium
1105 4358 1183 4422 (uia
1201 4356 1261 4405 uae.

204 4519 262 4556 uun.
279 4518 316 4554 or.
334 4517 417 4554 mern.
982 4520 1002 4568 Ε

1329 3629 1372 3690 42
