2970 4914
372 691 612 793 GONGIO
659 694 739 793 AD
789 694 1058 795 CLERUM

448 932 538 998 PRO
561 934 722 1000 GRADU
745 933 983 1013 DOCTORIS,

688 1125 736 1181 mr.

570 1363 789 1372 ——--—-——-—-..-
811 1365 826 1370 -
835 1365 840 1370 .

479 1530 581 1595 Prov.
604 1531 682 1595 Cir.
698 1547 752 1594 xx.
775 1531 949 1595 Vneris.

372 1711 373 1715 =
397 1676 548 1762 Laqueus
563 1685 610 1742 est
624 1679 742 1742 lomim
757 1679 909 1743 devorare
925 1679 1031 1742 Sacra

205 1821 260 1887 Ui
281 1843 369 1906 quem
389 1825 433 1887 ad
445 1823 543 1906 finem
562 1846 583 1888 a
600 1825 674 1889 Duo
694 1826 867 1888 destinatus
884 1832 931 1889 est
945 1825 1038 1890 Illius
1059 1826 1182 1904 Sermo,
1198 1849 1266 1891 eum

159 1927 197 1990 ia
210 1926 298 1990 cobis
310 1925 409 2008 ficem
427 1929 582 1992 sortietur
596 1930 654 1992 lmc
674 1935 818 2011 tempore,
835 1936 961 2012 totaque
976 1933 1041 1993 tec
1059 1931 1142 1994 actio
1157 1938 1266 1995 mostra

160 2028 353 2112 mmfnmtu
369 2032 422 2110 sit,
437 2032 601 2096 invitemus
614 2035 674 2097 luc
694 2034 828 2097 Numen
844 2034 992 2116 precibus
1008 2036 1124 2098 cestris
1142 2036 1266 2118 (Patres

159 2139 193 2198 et
216 2135 346 2198 Fratres
368 2135 403 2198 ia
428 2136 559 2200 Christo
584 2137 786 2220 sesmondiz)
812 2137 934 2219 Aquita
950 2139 1056 2219 primo
1082 2159 1123 2202 em
1147 2140 1267 2202 intimis

159 2238 300 2302 sensibm
310 2239 498 2321 iadiymtcte
512 2246 630 2320 nostra,
646 2241 741 2304 etiem
754 2242 804 2304 vel
816 2240 989 2304 accedendi
997 2242 1042 2304 ud
1050 2241 1143 2320 Eum,
1155 2243 1267 2305 medum

160 2341 286 2419 orandi,
312 2362 352 2405 ae
379 2344 475 2406 mullo
504 2344 607 2407 adhuc
640 2345 742 2407 mimus
772 2343 924 2407 exorandi
953 2345 1125 2426 quicquam.
1185 2345 1267 2418 Quia

161 2448 261 2507 totam
283 2443 476 2527 dignitatem
498 2452 647 2524 metram,
664 2466 703 2509 ec
725 2444 912 2528 dignatione
935 2444 1008 2507 Filii
1034 2445 1093 2523 sui,
1111 2451 1266 2528 totamque

161 2553 193 2610 et
215 2547 328 2611 orandi
348 2547 509 2628 fiduciam,
533 2555 563 2612 et
588 2548 740 2613 exorandi
758 2568 842 2629 spem
865 2547 903 2610 ab
929 2548 1015 2610 illius
1037 2547 1266 2613 intercessione

154 2651 303 2732 pendere.
349 2652 414 2714 Per
435 2652 529 2731 Eum,
555 2653 752 2734 deprecemur
766 2671 894 2732 poenam
919 2651 1101 2714 hodiernam
1119 2653 1266 2734 mistiae

161 2761 285 2834 mstme,
307 2761 338 2818 et
353 2777 416 2837 pm
438 2756 549 2821 Verbo
572 2755 808 2840 ingratitudini,
833 2763 864 2821 et
888 2757 923 2820 ic
941 2757 1051 2821 Verbo
1076 2757 1266 2837 oscitantiae,

161 2859 361 2923 meritissimo
376 2860 522 2923 debitam.
552 2861 731 2939 Precemm,
746 2866 783 2923 m
790 2862 966 2943 preveniat
976 2881 1032 2924 mos
1046 2861 1137 2924 lodie
1153 2861 1267 2926 Gratia

165 2962 304 3046 Spiritus
320 2963 380 3042 sui,
393 2969 424 3026 et
435 2964 519 3045 quod
530 2965 652 3026 utiliter
666 2964 849 3027 meditatum
864 2970 910 3027 est
922 2965 986 3028 Cor
996 2985 1104 3042 mecm,
1110 2965 1268 3045 perducat

162 3066 198 3128 ia
212 3065 374 3150 Linguam
388 3086 497 3145 mecm,
513 3068 586 3130 imie
600 3068 634 3130 m
653 3088 746 3131 aures
760 3073 890 3146 vestrm,
906 3068 979 3130 iude
993 3069 1028 3131 im
1042 3067 1266 3147 cordavestra,

162 3168 237 3232 inde
261 3170 295 3232 iu
323 3169 433 3248 vitam,
460 3170 576 3250 studia,
601 3190 707 3234 mores
736 3176 865 3249 cestros,
892 3171 937 3234 ad
963 3177 1103 3235 cestram
1132 3173 1267 3236 ommium

161 3256 311 3351 salutem,
327 3273 477 3354 littusque
492 3272 626 3355 gloriam
641 3273 870 3353 sempiternam.

207 3372 267 3452 Ac,
277 3393 315 3436 me
328 3375 519 3437 immemores
532 3374 630 3436 simus
638 3373 789 3438 Ecclesiae
799 3373 922 3438 Christi
936 3375 971 3436 ie
978 3373 1126 3457 precibus
1140 3374 1267 3451 nostris,

164 3497 232 3558 que
249 3477 320 3558 msa
342 3478 443 3540 uestri
464 3496 621 3558 numquam
640 3477 866 3549 estimmemor
885 3478 919 3539 im
941 3478 1017 3556 suis,
1041 3477 1269 3539 intercedamus

164 3581 251 3663 apud
269 3582 569 3665 indulqmtissimum
591 3582 722 3644 Patrem
741 3601 804 3662 pm
830 3581 976 3644 Ecclesia
997 3582 1102 3662 Ipsius
1125 3581 1159 3642 im
1175 3579 1269 3642 terris

162 3684 335 3765 militante,
345 3706 466 3768 perque
481 3706 584 3750 omnes
599 3691 702 3748 temus
716 3691 748 3748 et
761 3686 914 3768 Reqioms
929 3684 1142 3748 disseminate.
1190 3683 1267 3745 Goe-

162 3791 304 3871 semetei
319 3791 409 3854 Deus
423 3796 640 3872 recuperatam
654 3811 716 3853 me
730 3790 778 3853 ite
789 3790 912 3872 pridem
927 3809 967 3851 es
978 3786 1169 3850 densissimis
1183 3805 1268 3849 emo-

138 3906 234 3956 'mm
260 3893 393 3957 tenebris
418 3894 600 3958 Veritatem
624 3915 733 3958 suam:
761 3894 920 3957 Restitmat
944 3893 982 3970 ei,
1007 3911 1075 3955 cum
1100 3891 1146 3953 Ei
1170 3891 1269 3953 visum

156 3994 271 4076 fuerit,
302 3996 449 4058 amissam
476 3997 549 4076 jam
580 4016 671 4076 perce,
695 4016 757 4076 per
787 3993 963 4061 Christiani
993 3992 1090 4059 Orbis
1125 3991 1267 4069 dissidia,

165 4098 338 4162 Unitatem
353 4098 461 4163 Suam.
498 4120 511 4141 ··

208 4202 259 4265 Ac
280 4223 346 4285 que
360 4223 443 4284 pars
468 4204 502 4265 ia
524 4223 561 4266 ea
586 4204 667 4267 cotis
686 4204 802 4266 metris
824 4202 952 4284 indiqet,
968 4202 1018 4264 vel
1041 4201 1185 4278 musime,
1201 4217 1269 4261 ecm

159 4311 279 4389 preter
292 4326 446 4388 supraque
461 4312 599 4387 ceteras,
615 4327 676 4370 ma
690 4307 756 4369 sim
767 4307 885 4389 qemitu
900 4305 1151 4370 commmdemms.
1184 4303 1268 4366 Pcr-

167 4416 228 4474 tem
248 4410 317 4473 dico
336 4409 411 4492 ejus,
432 4411 496 4474 sice
516 4416 650 4475 externa
670 4430 763 4474 cruce
783 4431 845 4490 pm
868 4410 1041 4474 testimonio
1062 4404 1268 4473 conscientiae
