2970 4914
236 265 301 329 154
684 277 727 328 nn
747 278 886 344 aucuns,

115 439 179 505 142
233 456 377 519 unquam
392 433 462 499 sine
481 456 607 499 summa
625 434 756 500 honoris
777 434 963 520 praefatione
983 433 1181 514 nominandi,
1198 456 1335 519 quorum

233 538 334 616 Deus,
358 537 394 601 in
412 539 573 620 Relipmee
595 537 812 616 restauranda,
836 559 933 621 opera
954 559 1030 600 usus
1052 544 1110 615 est,
1129 536 1170 601 de
1185 539 1336 601 doctrinae

232 641 437 706 restitutione
452 641 543 705 valde
559 641 696 719 solliciti,
709 640 750 704 ad
759 642 986 723 patrimonium
1000 640 1108 704 minus
1124 641 1334 731 attenderint,
1382 668 1385 672 “

233 764 270 806 ac
284 743 318 806 id
332 765 423 826 paene
447 742 595 825 dixerint,
620 743 706 826 quod
726 743 938 807 Sodomorum
954 744 1023 806 Rex
1039 742 1233 821 Abrahamo,
1249 743 1335 806 Date

233 849 320 911 nobie
340 850 471 927 animes,
492 854 604 911 cetera
625 847 711 910 vobis
733 848 864 911 tolerer.
908 847 1033 910 Verum
1048 854 1085 909 ut
1100 847 1158 925 illi,
1175 847 1231 930 qui
1249 848 1335 930 Bap-

232 951 353 1030 tistam,
365 952 412 1014 ita
426 959 459 1015 et
474 951 509 1013 hi
521 951 808 1034 quiAbrabamum
824 970 857 1013 se
872 950 906 1012 ia
921 951 1003 1012 calis
1014 948 1334 1032 Principem‘lrcper-

174 1131 178 1151 Ι
232 1061 323 1117 turos
338 1054 517 1136 sperabant,
532 1053 662 1150 utrique
679 1052 752 1115 falsi
767 1059 853 1115 sunt.
1331 1067 1335 1071 ·

277 1157 343 1223 Qui
365 1178 453 1221 error
468 1154 528 1220 etsi
544 1155 623 1219 levis
647 1156 689 1218 sit
709 1161 753 1239 (et
771 1163 819 1218 est
837 1162 923 1219 certe
938 1155 1025 1234 levis,
1043 1155 1070 1218 si
1085 1155 1127 1218 ad
1145 1177 1264 1238 magna
1278 1155 1335 1218 illa

232 1259 361 1323 illorum
385 1256 639 1345 κατορθώματαΘ
659 1259 870 1340 conferatur):
892 1266 1003 1321 tamen
1024 1257 1200 1321 verendum
1215 1265 1274 1337 est,
1291 1279 1334 1321 ne

233 1361 372 1443 graviter
395 1361 561 1424 incumbat
583 1360 731 1444 sequenti
757 1361 882 1440 saeculo,
905 1361 941 1424 in
964 1383 1026 1444 quo
1046 1360 1170 1424 cordati
1184 1361 1257 1424 Viri
1284 1362 1335 1443 (ex

232 1464 289 1528 illo
307 1465 496 1542 Salomonis,
518 1464 576 1526 Ubi
595 1474 726 1527 vacuum
742 1484 890 1546 presepe,
908 1465 952 1526 ibi
975 1465 1063 1526 boam
1078 1462 1262 1547 penurias),
1284 1464 1335 1528 vel

234 1568 419 1643 barbariem,
446 1567 496 1630 vel
526 1567 613 1630 aliud
640 1567 723 1650 quod
755 1567 860 1631 dicere
888 1568 974 1645 nolo,
1002 1575 1220 1651 augurantur:
1254 1567 1335 1631 falso

233 1670 363 1753 quidem
386 1671 528 1749 fortasse,
555 1671 652 1754 idque
677 1670 757 1734 faxit
782 1671 889 1747 Deus;
914 1671 970 1734 sed
992 1693 1059 1734 non
1081 1679 1202 1734 temere
1224 1678 1335 1734 tamen

234 1781 443 1856 augurantur.
487 1774 537 1836 Ac
561 1773 721 1837 debebant
742 1773 791 1836 illi
808 1774 938 1857 quidem
957 1774 1053 1857 (quod
1068 1774 1195 1858 dicitur)
1211 1775 1334 1856 prioci-

228 1877 296 1958 piie
317 1877 504 1954 obstiteras,
525 1883 558 1940 et
580 1875 656 1939 huic
671 1877 788 1940 saeculo
803 1877 913 1941 edenti
928 1885 961 1940 et
973 1877 1109 1956 bibenti,
1126 1885 1159 1941 et
1174 1878 1284 1942 omnia
1298 1878 1335 1941 in

235 1979 438 2044 detestabiles
448 2002 526 2043 usus
534 1979 739 2064 pervertenti,
752 1979 959 2044 huncbolum
970 1980 1140 2064 eripuisse;
1156 2003 1216 2046 nec
1231 1981 1335 2045 solum

234 2083 275 2147 de
291 2085 370 2147 lacis
385 2085 574 2161 accensione,
590 2083 689 2148 sedet
704 2083 744 2147 de
756 2085 816 2146 olai
829 2083 983 2165 infierieae
997 2084 1204 2168 prospexisse.
1239 2085 1335 2150 Quod

234 2187 310 2270 quia
334 2187 456 2252 factum
479 2209 548 2250 non
573 2193 631 2266 est,
655 2187 778 2250 malum
803 2187 865 2251 hoc
888 2209 1018 2251 manare
1044 2188 1148 2252 indies
1170 2188 1276 2267 latius,
1301 2197 1335 2252 et

235 2287 456 2377 κληροβόροι11
475 2291 578 2368 nostri
602 2311 767 2354 susurrare
795 2290 844 2373 (ut
869 2291 918 2374 fit)
946 2291 982 2354 in
1005 2291 1142 2375 angulis,
1158 2291 1335 2354 Ecclesiam

234 2394 334 2457 etiam
350 2393 390 2458 de
405 2393 548 2478 reliquiis
562 2393 632 2457 istis
644 2393 863 2473 Decimarum,
874 2395 909 2457 in
920 2395 974 2478 jus
989 2395 1094 2458 vocari
1108 2416 1219 2477 posse3
1242 2395 1336 2478 proin
1350 2427 1353 2432 ·

226 2519 332 2562 ..novas
351 2496 492 2561 rationes
515 2496 705 2581 excogitare,
720 2503 758 2560 ut
781 2495 923 2560 deterius
945 2495 993 2559 illi
1015 2496 1057 2559 sit
1068 2523 1077 2575 3
1100 2504 1172 2559 tum
1192 2496 1232 2560 de
1255 2497 1336 2578 stipe

234 2599 433 2664 mentionem
456 2598 580 2663 facere:
614 2605 778 2683 postremo
801 2620 927 2664 versare
953 2620 986 2662 se
1012 2599 1048 2662 in
1073 2599 1190 2678 omnia,
1215 2621 1279 2682 quo
1300 2600 1336 2663 id

228 2702 380 2766 Miaietri
391 2702 523 2766 tandem
538 2701 621 2766 serio
635 2702 793 2766 affirmare
807 2702 939 2786 possint,
955 2701 1055 2765 Nobis
1069 2703 1142 2765 istie
1156 2704 1337 2766 accercitur

229 2826 290 2869 aee
311 2806 439 2869 metitur
446 2803 464 2870 ¹.
509 2805 580 2888 Ego
594 2825 669 2869 vero
682 2811 720 2868 ut
737 2805 794 2868 illa
808 2812 924 2870 caetera
943 2805 1122 2870 condonem
1141 2806 1335 2888 usucapioni,

234 2915 345 2972 tamen
358 2906 556 2971 intercedam
570 2927 629 2990 pro
643 2907 780 2986 ἀεοίιηὶε,
796 2914 891 2991 atque
906 2908 983 2971 hinc
997 2929 1050 2972 eos
1060 2909 1137 2990 jure
1151 2905 1245 2971 meaa
1259 2929 1336 2972 con-

236 3017 359 3074 sertum
373 3009 503 3089 vocabo,
520 3009 576 3093 qui
598 3030 689 3074 secus
712 3009 866 3089 sentiunt,
883 3011 1034 3074 decimam
1048 3018 1220 3094 proventus
1235 3012 1336 3076 annui

235 3113 415 3197 portionem
435 3111 586 3196 aequitate
601 3133 727 3176 summa
740 3113 903 3176 Miaiaieia
917 3113 1077 3177 addictam
1092 3135 1178 3191 esse;
1194 3135 1255 3178 nec
1269 3115 1337 3178 ulla

234 3217 394 3279 Beroeam
409 3215 474 3279 sive
489 3215 697 3297 Berpeaaiam
718 3216 893 3279 centuriata
912 3217 1045 3279 Comitia
1064 3216 1252 3299 prudentius
1273 3217 1337 3282 ista

234 3319 324 3384 dere
339 3326 480 3384 statuere
494 3340 595 3403 posse,
607 3339 703 3402 quam
709 3319 899 3404 jamdudum
912 3327 1043 3384 cautum
1058 3327 1107 3384 est
1122 3322 1334 3402 tepescerate,

234 3446 331 3508 quam
343 3425 431 3489 Deus
441 3423 510 3507 ipse
520 3423 701 3506 Lepieletor
711 3430 780 3487 tam
795 3422 970 3503 absolutus,
985 3431 1024 3487 ut
1036 3425 1056 3488 J
1057 3424 1241 3488 ustinianus
1252 3425 1336 3488 nihil

233 3528 275 3592 ad
289 3530 385 3607 Eum,
401 3535 476 3592 ante
489 3528 593 3590 multa
603 3528 673 3611 jam
688 3528 804 3591 saecula
817 3528 1041 3612 promulgavit.

277 3630 406 3696 Difficili
424 3629 463 3694 de
478 3651 513 3694 rc
528 3629 675 3694 dicturus
689 3651 772 3708 sum,
787 3651 892 3714 neque
915 3631 1084 3714 quisquam
1107 3635 1165 3709 est,
1189 3629 1280 3714 cujus
1295 3630 1335 3694 de

232 3735 355 3799 lumine
379 3735 490 3798 lumen
514 3733 687 3797 accendam
711 3754 841 3798 meum:
876 3756 940 3816 quo
965 3733 1068 3815 magis
1093 3740 1236 3797 vestrum
1261 3734 1333 3812 erit,

232 3836 439 3922 (Gravissimi
454 3836 538 3918 Viri)
564 3836 591 3899 si
613 3835 765 3899 effectum
786 3836 895 3900 isthuc
917 3837 1046 3914 dedero,
1063 3836 1148 3918 quod
1168 3835 1282 3914 facitis,
1301 3836 1335 3899 id

232 3941 354 4018 facere3
389 3940 440 4004 sin
471 3946 613 4003 erratum
637 3959 773 4021 usquam
798 3939 906 4019 fuerit,
930 3947 1002 4003 tum
1025 3959 1099 4002 vero
1122 3937 1335 4025 πρωτοπείρῳ

231 4039 439 4125 vacosanus·
458 4043 507 4126 (ut
521 4064 580 4126 par
593 4041 654 4125 est)
672 4041 849 4126 indulgere.

264 4226 275 4251 ⁰
292 4218 365 4397 plen.
377 4218 429 4269 xiv.
441 4218 491 4282 21.]
782 4196 783 4199 Ἴ
836 4216 848 4249 ¹¹
865 4216 1019 4266 Reddituum
1031 4216 1256 4267 ecclesiastieorum
1267 4231 1335 4267 vora

227 4322 228 4325 Ἴ
264 4283 276 4314 d

265 4356 276 4380 0
314 4348 416 4397 raeclara
426 4348 498 4398 lacta
836 4346 842 4378 ¹
864 4347 957 4462 EPlaut.
970 4345 1067 4410 Epidio.
1081 4345 1115 4396 ΙΙ.
1128 4348 1149 4394 2.
1164 4344 1214 4409 80.]

265 4412 274 4445 ¹
293 4413 375 4543 [Prov.
387 4413 438 4462 xiv.
450 4413 472 4462 4.
833 4411 841 4453 ³
884 4411 950 4461 rimo
960 4411 1101 4476 periculum
1112 4411 1216 4462 facienti
1225 4409 1334 4463 reniam.

309 4283 401 4333 Matth.
412 4283 447 4332 xi.
460 4283 497 4348 8.]
803 4285 871 4332 tores
882 4281 959 4331 avidi.

265 4487 278 4520 ι
305 4476 452 4528 OvidRern
485 4476 591 4529 mmor.
601 4477 651 4542 91.]
