2970 4914
587 267 681 316 mrsu
702 267 857 316 nonmnr.
1203 255 1269 319 209

167 422 361 507 quibusdam
375 425 485 508 afflata
499 422 613 503 divina,
624 422 661 487 in
675 423 807 507 reliquis
821 444 879 487 saa
893 426 1067 506 prudentia
1082 445 1162 506 sape
1177 447 1267 500 asos;

165 527 261 611 idque
275 527 311 590 in
332 526 372 590 iis
390 547 462 610 quae
477 526 596 609 scripta
604 526 821 608 reperiuntur.
865 527 977 611 Atqui,
992 528 1149 593 velillum
1163 529 1269 611 ipsum

165 630 282 709 locum,
299 629 358 693 ubi
373 626 458 693 sard
483 627 622 712 pappa,
638 629 699 693 scis
723 629 771 693 ita
792 630 950 710 concludi,
966 627 1047 694 δοκῶ
1068 629 1103 694 δὲ
1126 628 1213 712 adrui
1232 628 1270 696 τὸ

166 735 294 815 πνεῦμα
305 733 390 796 Θεοῦ
407 729 519 819 ἔχεινῆ
529 739 567 795 ut
576 732 628 796 vel
637 732 724 797 iilius
738 731 848 814 γνωμὴ
862 755 881 796 a
893 733 1016 816 Spiritu
1030 734 1094 798 Dei
1108 735 1269 798 dictamen

168 859 262 900 suum
284 837 445 902 habuerit.
491 837 597 901 Locus
613 843 722 900 autem
736 836 801 915 ille,
818 858 914 920 quem
929 837 1018 914 citas,
1035 837 1063 899 si
1077 859 1144 901 non
1159 839 1270 902 afflatu

166 939 284 1019 divino,
312 941 369 1004 sed
389 941 533 1004 humana
551 939 728 1023 prudentia
749 939 896 1022 scriptus,
911 940 1074 1003 notandus
1097 940 1191 1004 nobis
1210 962 1268 1024 pro

165 1036 372 1127 Apocrypho.
419 1042 507 1108 Quid
529 1063 614 1124 ergo,
630 1041 820 1106 Iudicemne
835 1041 1022 1105 conficimus
1039 1047 1137 1126 atque
1152 1064 1266 1126 expur-

165 1165 279 1228 gamus
293 1146 426 1209 Novum
435 1140 700 1208 Testamentum?
748 1144 970 1227 Separandum
985 1144 1072 1208 enim
1086 1144 1182 1210 nobis
1197 1166 1268 1229 pre-

164 1248 285 1311 tiosum
314 1270 333 1310 a
361 1248 428 1312 vili.
484 1249 662 1332 Nunquam
693 1247 795 1310 mixta
831 1246 963 1311 stabunt
994 1269 1064 1330 quae
1097 1248 1270 1331 prudentia

164 1350 315 1430 humana,
331 1372 406 1414 cum
421 1350 462 1414 iis
478 1371 549 1433 quae
565 1351 675 1415 afflatu
691 1349 799 1414 divino
815 1349 936 1414 dictata
951 1357 1036 1414 sunt.

209 1455 280 1517 Etsi
296 1460 404 1518 autem
418 1455 453 1517 in
469 1456 544 1539 jure
563 1462 597 1519 et
616 1475 706 1519 more
720 1447 948 1538 Apostolorum
963 1455 1038 1518 satis
1054 1453 1095 1517 sit
1109 1454 1268 1537 ponderis,

165 1556 207 1618 ad
215 1577 318 1634 causae
327 1558 425 1642 hujus
437 1579 543 1621 arcem
558 1557 771 1637 statuendam,
787 1556 964 1621 meministi
978 1563 1099 1635 tamen,
1111 1557 1206 1620 altius
1216 1578 1267 1620 re-

164 1664 272 1742 petere
287 1681 339 1724 me
354 1660 504 1724 ordinum
521 1659 761 1724 distinctionem
776 1660 870 1740 hanc,
881 1680 999 1744 nempe
1013 1681 1033 1722 a
1048 1657 1177 1723 Christo
1192 1659 1269 1742 Ipso

108 1802 111 1808 -
171 1763 349 1843 Servatore,
374 1763 410 1826 in
435 1762 609 1847 Apostolis,
641 1768 674 1826 et
698 1763 911 1846 Septuaginta
937 1761 1080 1826 duobus:
1104 1762 1268 1845 Apostolis

164 1865 351 1930 successisse
370 1866 565 1950 Episcopos3
588 1866 803 1950 Septuaginta
823 1865 947 1931 duobus
966 1865 1030 1929 illis
1050 1865 1267 1949 Presbyteros,

163 1969 280 2051 passim
307 1969 391 2053 apud
412 1970 525 2033 Patres
547 1968 669 2048 haberi,
691 1989 728 2033 ac
750 1969 845 2052 plane
869 1969 907 2032 in
924 1967 1077 2032 confesso.
1124 1967 1269 2032 Laudari

165 2073 381 2156 Cyprianum3
396 2073 579 2135 Meminisse
594 2077 696 2136 antem
713 2073 850 2135 Diaconi
868 2071 986 2148 debent,
1008 2071 1157 2152 quomodo
1182 2069 1270 2152 [qao-

162 2176 258 2253 m'am,
275 2176 369 2258 Feli]
391 2176 558 2257 Apostolos
576 2175 624 2258 (id
637 2175 694 2258 est)
712 2175 894 2256 Episcopos,
911 2180 942 2237 et
956 2174 1147 2254 Prepesitos
1160 2173 1269 2235 Domi-

166 2298 224 2341 nas
235 2279 337 2360 clepit,
350 2279 509 2341 Diaconos
523 2284 626 2342 antem
633 2285 709 2360 post
727 2273 886 2341 ascensam
901 2277 1030 2339 Domini
1044 2276 1190 2357 Apostoli
1208 2276 1268 2338 sibi

164 2382 397 2460 constituerant,
408 2381 618 2462 Episcopatus
631 2382 681 2443 sai
696 2386 727 2443 et
740 2381 891 2443 Ecclesia
905 2380 1095 2442 ministrosu.
1136 2379 1267 2461 Septem

164 2483 295 2566 quidem
313 2483 386 2546 illos
406 2484 565 2548 Actorum
584 2482 625 2547 vi.
645 2483 685 2548 ab
704 2483 868 2566 Apostolis
877 2507 887 2562 ς
915 2482 1021 2546 nullos
1043 2488 1152 2544 autem
1174 2482 1267 2544 Pres·

164 2586 306 2670 byteros,
322 2585 386 2649 nisi
407 2586 448 2650 ad
467 2585 681 2670 Septuaginta
700 2585 846 2663 duorum,
869 2605 930 2648 nec
949 2583 1123 2667 Episcopos
1141 2582 1205 2646 nisi
1226 2583 1268 2646 ad

167 2711 261 2753 suum
285 2689 428 2772 ipsorum
447 2689 629 2772 exemplum
648 2688 828 2757 institutos.
873 2687 984 2751 Habet
1003 2707 1079 2768 ergo
1092 2686 1158 2751 vim
1177 2707 1268 2750 suam

164 2798 261 2876 atque
283 2813 398 2858 nervos
417 2792 507 2857 Ordo
528 2793 591 2872 hic,
614 2813 681 2858 non
704 2791 744 2856 ab
758 2791 923 2876 Apostolis
946 2791 1059 2868 solum,
1083 2790 1139 2854 sed
1156 2789 1207 2854 vel
1222 2789 1263 2854 ab

163 2896 241 2979 Ipso
258 2897 433 2960 Servatore.

206 2999 266 3063 Vis
282 3021 438 3064 arcessam
460 3000 564 3064 adhuc
587 3001 692 3079 altius,
708 2999 759 3065 vel
777 3021 795 3064 e
813 3000 923 3064 Veteri
941 2999 1148 3063 Testamento
1169 3003 1265 3080 atque

162 3103 231 3186 ipsa
253 3103 332 3167 adeo
348 3105 435 3187 Lege
458 3104 588 3184 divina?
634 3096 725 3167 Facit
746 3102 985 3186 Hieronymus:
1009 3102 1055 3164 Et
1072 3107 1107 3164 at
1129 3101 1264 3164 sciamus

163 3207 349 3269 traditiones
360 3206 706 3288 Apostolieassnmptas
721 3226 760 3269 en
779 3206 855 3289 [leg.
868 3205 919 3288 de]
943 3205 1047 3268 Veteri
1061 3204 1264 3283 Testamenta,

163 3310 246 3390 qaod
263 3309 374 3371 Aaron
388 3315 418 3371 et
440 3310 515 3372 litii
530 3311 604 3391 ejas,
622 3316 714 3391 atqne
728 3309 845 3372 Levita
859 3310 893 3371 in
910 3309 1033 3389 Templo
1042 3305 1186 3387 fuerant,
1207 3309 1264 3369 boc

163 3412 225 3474 sibi
239 3411 400 3492 Episcopi,
413 3412 602 3493 Presbyteri,
619 3418 711 3493 atqae
722 3412 867 3490 Dianam,
880 3412 1037 3474 vindicent
1047 3411 1081 3472 in
1092 3411 1263 3472 Ecclesia&

163 3513 253 3576 Facit
268 3513 468 3592 Ambrosius,
480 3512 651 3596 utrobique
665 3513 700 3575 in
714 3516 743 3577 1.
756 3513 797 3576 ad
809 3513 883 3577 Cor.
894 3512 959 3591 xii,
972 3518 1005 3575 et
1019 3512 1061 3574 iv.
1078 3510 1118 3573 ad
1133 3511 1263 3595 Ephes,

162 3615 203 3679 de
225 3615 346 3678 Judaeis
359 3617 514 3698 loquens3
541 3616 676 3688 anram
692 3615 798 3699 inquit
815 3616 945 3679 traditio
961 3615 1005 3677 ad
1022 3635 1078 3677 nos
1098 3614 1265 3677 transitum

154 3717 269 3799 secati.
313 3719 480 3782 Aaronem
509 3717 614 3797 mitto,
640 3739 682 3782 ne
716 3717 807 3801 quasi
837 3717 958 3782 Christi
986 3724 1100 3801 typum
1128 3716 1263 3800 rejicias.

162 3821 251 3884 siliis
266 3821 336 3906 ejus
355 3821 592 3900 Sacerdotibus,
604 3841 713 3885 nonne
727 3820 763 3885 in
777 3821 912 3904 singulis
927 3819 1056 3883 familiis
1071 3821 1264 3897 suusnttttzt]

161 3923 196 3987 id
205 3930 253 3988 est
261 3925 421 4007 praelatus,
432 3925 496 3988 sive
506 3931 544 3990 ut
555 3924 632 3988 alibi
643 3923 762 3988 dicitur
774 3923 869 4016 ''pr
877 3936 899 4002 ¹,
908 3924 965 3988 ie.
976 3922 1170 4005 Episcopus3
1185 3923 1266 3988 Ger-

162 4026 283 4104 sonitis,
292 4027 395 4090 Num.
404 4027 450 4093 iii.
460 4049 525 4092 ver.
535 4031 600 4105 24,
614 4027 778 4093 Kaathitis
787 4049 851 4092 ver.
865 4029 930 4106 30,
943 4024 1108 4090 Meraritis
1116 4045 1182 4089 ver.
1195 4022 1265 4088 30?

193 4158 201 4184 ⁸
239 4153 438 4218 mauritta]
760 4155 947 4222 5[S.Ambros.
960 4154 1105 4219 (scupotius
1114 4153 1265 4204 Hilar.Dia-

194 4227 207 4250 ¹²
234 4218 259 4268 S.
270 4217 387 4281 cyprian.
396 4217 442 4282 up.
451 4220 488 4269 iii.
497 4219 530 4270 ad
539 4219 626 4284 Rogat.
639 4221 694 4285 Op,
734 4221 820 4282 conus)
833 4220 866 4271 ad
878 4223 891 4269 1
905 4219 960 4269 Cor.
972 4219 1017 4268 xii.
1030 4221 1069 4268 28.
1085 4219 1152 4287 apud
1166 4218 1190 4268 S.
1204 4219 1265 4268 Am·

161 4298 186 4347 p.
197 4287 219 4333 6.
734 4285 799 4335 bros.
812 4285 867 4348 Op,
878 4284 974 4334 tomii.
985 4283 1217 4346 appendentiis.
1227 4283 1264 4344 F„

194 4356 207 4380 ¹
224 4346 380 4414 [S.Hicr.Ep.
390 4347 535 4399 cxlvivall.
544 4349 584 4413 (al.
594 4350 692 4414 lxxxv.)
734 4352 760 4399 et
770 4348 803 4399 ad
814 4349 878 4413 liph.
890 4349 923 4398 iv.
935 4347 998 4398 ibid.
1010 4348 1056 4397 col.
1068 4348 1124 4397 241.
1136 4347 1182 4411 D.]

162 4411 295 4541 apissvpng.
304 4414 391 4462 sectt.
402 4411 457 4476 Op,
469 4417 530 4464 tom.
540 4415 557 4465 i.
565 4415 610 4465 col.
619 4415 690 4471 1077.
766 4422 776 4445 ¹
794 4412 829 4478 [N
831 4413 910 4464 ehem.
923 4413 958 4462 xi.
970 4411 1005 4476 9.]

212 4573 271 4609 ΛΝΒ.
283 4573 319 4608 ΟΡ.
336 4572 420 4610 POSTH.
927 4591 930 4596 ·
1074 4575 1093 4625 P
