2970 4914
149 799 746 884 REVERENDISSIMO
797 801 1152 896 auulsum,

334 1032 387 1093 D0.
412 1031 632 1093 EPISCOPO
655 1030 976 1093 WINTONIENSI

489 1201 616 1263 Pmnus
631 1201 818 1263 Mammas

588 1354 619 1416 S.
634 1354 669 1416 P.
683 1353 725 1416 D.

147 1566 273 1653 MAGito
298 1589 427 1672 quidem
451 1589 602 1653 Ecclesiae
623 1596 655 1652 et
677 1589 873 1671 Reipublicae
896 1590 1014 1652 damno
1036 1591 1205 1674 Amplissi-

104 1714 176 1756 mus
191 1693 240 1757 vir
254 1692 399 1755 decessor
413 1699 490 1754 tuus
505 1692 601 1755 rebus
616 1693 766 1754 humanis
782 1702 949 1775 exemptus
965 1701 1013 1756 est
1023 1703 1051 1756 ³:
1086 1695 1205 1758 Amisit

106 1797 174 1859 Rex
199 1796 422 1858 serenissimus
447 1795 719 1878 sapientissimum
746 1797 980 1875 Consiliarium,
1006 1804 1038 1860 et
1062 1799 1206 1861 Ecclesia

104 1899 231 1962 fidelem
253 1905 431 1982 pastorem:
456 1919 516 1981 ego
538 1920 613 1962 vero
637 1911 807 1981 patronum
832 1906 865 1961 et
888 1900 1037 1978 amicum,
1053 1902 1108 1984 qui
1132 1923 1205 1964 cum

105 2009 187 2064 esset
210 2021 356 2062 mearum
378 2021 486 2063 rerum
509 2000 769 2077 studiosissimus,
790 2001 861 2083 plus
886 2010 995 2064 tamen
1009 2003 1126 2066 virtute
1149 2026 1208 2066 sua

106 2125 201 2186 quam
230 2103 392 2166 beneficiis
430 2103 574 2165 animum
611 2123 719 2165 meum
750 2104 944 2166 devinxerat.
992 2105 1106 2169 Habeo
1135 2108 1206 2189 ejus

105 2206 222 2283 literas,
247 2227 325 2288 quas
346 2205 387 2267 ad
408 2227 460 2267 me
483 2205 607 2288 scripsit
631 2205 745 2269 affecto
768 2225 908 2287 corpore,
925 2213 958 2268 et
977 2208 1206 2290 propemodum

106 2308 304 2371 conclamata
332 2307 524 2385 valetudiue,
557 2328 692 2390 quarum
730 2315 875 2389 aspectus
914 2308 1059 2370 animum
1096 2331 1205 2372 meum

107 2411 276 2474 exulcerat.
324 2410 404 2472 Haec
429 2419 539 2472 tamen
563 2409 719 2473 acerbitas
744 2431 811 2472 non
837 2431 951 2491 parum
977 2418 1025 2474 est
1048 2412 1205 2494 mitigata,

107 2513 234 2595 quando
250 2513 356 2576 audivi
370 2520 403 2575 te
419 2513 453 2574 in
469 2513 537 2596 ejus
558 2512 665 2574 locum
689 2533 756 2574 esse
780 2511 960 2591 suffectum,
978 2515 1068 2597 cujus
1083 2515 1206 2596 pridem

107 2615 283 2677 admiratus
307 2637 378 2677 sum
401 2614 603 2691 Doctrinam,
620 2621 652 2676 et
675 2634 782 2676 coram
806 2622 954 2696 expertus
978 2637 1048 2677 sum
1070 2615 1206 2679 benevo-

105 2717 248 2780 lentiam.
293 2719 421 2800 Nempe
444 2717 514 2780 Rex
536 2715 658 2799 judicio
681 2716 865 2793 acerrimus,
881 2737 949 2779 non
971 2717 1028 2781 diu
1050 2719 1207 2782 haesitavit

107 2819 142 2881 in
165 2819 322 2902 eligendo.
367 2820 442 2882 Jam
466 2817 684 2901 designabaris
715 2839 877 2881 successor
896 2819 1026 2902 judiciis
1051 2822 1207 2899 omnium,

109 2921 224 3004 quibus
249 2923 347 3005 Regis
371 2929 449 2984 nota
469 2929 517 2985 est
540 2921 722 3005 prudentia.
769 2920 810 2985 Id
824 2941 899 2984 vero
921 2922 984 2985 tibi
1005 2931 1038 2986 et
1057 2925 1209 2988 Ecclesiae

109 3046 145 3088 ac
168 3046 268 3107 regno
290 3025 367 3088 felix
389 3025 594 3108 faustumque
616 3025 667 3087 sit.
713 3025 778 3087 Det
803 3024 863 3087 tibi
888 3025 979 3089 Deus
1005 3047 1079 3090 cum
1104 3028 1208 3091 incre-

108 3136 218 3192 mento
243 3128 373 3192 honoris
397 3129 598 3192 incrementa
621 3127 759 3204 virtutis,
784 3127 979 3211 crudamque
1003 3151 1040 3193 ac
1063 3138 1208 3213 vegetam

109 3237 325 3295 senectutem:
366 3231 414 3294 Ut
431 3232 500 3294 Rex
523 3230 745 3293 serenissimus
767 3230 823 3292 diu
845 3237 957 3294 utatur
971 3239 1004 3295 te
1020 3255 1160 3309 suasore,
1176 3243 1209 3296 et

109 3334 252 3398 Ecclesia
280 3335 416 3417 majores
446 3333 481 3395 in
511 3333 579 3395 dies
610 3332 714 3414 capiat
744 3332 867 3394 fructus
898 3340 963 3396 tuae
986 3333 1153 3398 industriae
1177 3344 1210 3398 et

109 3437 294 3520 vigilantiae.
1081 3501 1091 3509 ,.

154 3539 275 3623 Scripsi
297 3538 417 3601 librum
441 3537 480 3599 de
503 3535 670 3599 vocatione
696 3543 860 3618 pastorum
868 3536 892 3615 ¹³,
917 3538 952 3600 in
977 3560 1040 3621 quo
1065 3539 1210 3621 quaedam

110 3641 335 3726 sapientissimi
359 3638 455 3723 Regis
479 3638 623 3701 animum
645 3647 860 3722 pupugerunt,
877 3641 967 3722 quasi
989 3640 1118 3722 adversa
1139 3664 1210 3703 mu-

110 3747 179 3809 neri
208 3743 398 3828 Episcopali.
456 3741 519 3806 Sed
557 3742 744 3804 altrinsecus
781 3743 911 3825 quidem
948 3751 1107 3807 nostrates
1144 3767 1210 3807 non

111 3849 245 3912 obscure
261 3853 512 3930 conqueruntur,
528 3866 580 3908 me
595 3845 826 3928 Episcoporum
841 3867 971 3909 causam
987 3847 1100 3929 egisse,
1117 3848 1210 3910 Aeri-
1310 3899 1330 3923 Γ,

111 3972 231 4033 umque
247 3949 424 4026 damnasse,
441 3947 527 4031 quod
542 3947 576 4010 in
591 3969 625 4010 re
639 3947 764 4031 pridem
779 3955 812 4011 et
826 3949 945 4031 ubique
960 3957 1098 4033 recepta,
1115 3972 1211 4014 ausus

145 4110 156 4133 ⁸
174 4101 295 4164 [lacobus
307 4101 437 4163 Montagu.
461 4101 515 4158 Quo
526 4101 568 4150 die
579 4101 644 4150 obiit
687 4115 762 4150 sonus
772 4102 800 4150 in
812 4103 879 4150 notis
890 4102 922 4151 ad
933 4102 990 4166 loc]

112 4167 237 4215 incertum
259 4169 306 4224 est,
328 4169 414 4214 utrum
434 4165 486 4214 Jul.
504 4167 567 4225 xix„
592 4180 641 4214 nn.
718 4163 730 4196 l
747 4166 765 4230 [‘
774 4165 811 4214 De
821 4166 847 4215 la
858 4166 1159 4229 VocationdesPasteurs,
1168 4184 1214 4231 par

114 4233 185 4290 1618,
204 4231 243 4294 (ut
259 4229 335 4279 refert
352 4229 440 4278 Fruuc.
460 4229 595 4279 Godenus
614 4230 643 4279 in
687 4229 771 4279 Pierre
790 4230 825 4279 du
845 4230 951 4281 Moulin.
984 4234 1008 4282 A
1024 4233 1114 4295 sedan,
1135 4234 1214 4283 1618!

114 4295 255 4344 Commeat.
269 4294 300 4342 de
318 4293 394 4360 l'raes.
413 4294 490 4356 Augl.
509 4298 570 4344 tom.
583 4295 599 4342 i.
618 4309 642 4357 p.
687 4294 775 4344 Editio
793 4296 876 4358 prima
888 4297 915 4346 in
926 4311 1016 4347 manus
1032 4304 1129 4349 nostras
1146 4299 1229 4348 haud·

114 4357 511 4421 241.csnt.1743.)·anJul.xx.‚
523 4365 568 4407 aut
576 4360 642 4420 Aug.
687 4360 824 4424 pervenis]

113 4424 169 4473 xiii.
183 4424 294 4487 ejusdem
306 4423 378 4482 anni3
396 4422 513 4472 albebat
525 4423 644 4473 Richard-

1259 815 1318 875 161
