2970 4914
99 261 104 270 ¹
215 243 262 306 84
561 259 677 310 concio
698 259 816 308 mama
836 257 966 322 11111111,

216 415 324 480 Caroli
345 416 460 499 Magni
480 417 646 500 imprimis,
664 417 707 481 ad
731 437 826 500 quem
851 415 982 498 stirpem
1005 418 1141 492 revocat,
1160 413 1315 498 cujusque

216 540 256 582 ex
279 521 437 603 Progenie
461 527 597 584 stemma
623 520 732 584 ducit:
755 520 966 601 Aliorumque
991 523 1073 601 post,
1096 525 1176 597 tum,
1201 517 1314 601 quiin

215 621 337 686 familia
353 624 486 703 Sueviae,
502 632 574 687 tum
600 624 655 707 qui
679 624 715 686 in
737 623 888 701 Bavariae,
904 629 976 685 tum
1001 621 1112 704 quiin
1134 643 1193 684 sua
1206 620 1314 704 Ipsius

216 727 364 792 Illustres
379 728 594 792 errstitenmt.c
631 728 686 810 (3.)
708 728 872 803 Gaudebit,
890 725 977 809 quod
991 726 1143 809 Princeps
1158 725 1311 809 Imperii:

215 831 309 896 Inter
333 832 496 914 Principes
522 843 640 909 autem,
665 832 838 912 septemvir
861 831 1010 902 Eleatem
1037 829 1130 898 Inter
1153 827 1314 892 Electores

217 935 433 1017 Septemviroe,
448 936 518 999 loco
532 935 684 1019 primario
700 935 751 997 sit.
787 936 841 1017 (4.)
859 935 930 997 Nec
941 933 976 996 id
988 932 1094 1012 modo,
1111 932 1165 995 sed
1180 939 1312 996 vacante

215 1038 356 1122 Imperio
376 1041 521 1102 chrios
541 1039 678 1121 Imperii.
727 1038 790 1101 Sed
813 1048 846 1101 et
868 1039 964 1121 pleno
988 1036 1095 1115 etiam,
1121 1036 1179 1100 ubi
1203 1057 1236 1099 se
1260 1057 1312 1100 res

213 1144 304 1223 feret,
328 1152 361 1208 et
384 1145 411 1208 si
437 1165 501 1227 qua
525 1144 560 1206 in
586 1144 745 1207 Caesarem
768 1150 856 1205 mota
877 1141 926 1218 lis,
947 1141 988 1205 ad
1010 1162 1081 1204 eam
1102 1141 1194 1204 litem
1208 1142 1313 1205 Judea

214 1250 334 1328 sedeat,
346 1250 436 1333 quasi
448 1248 581 1313 Caesaris
594 1248 693 1331 ipsius
704 1247 835 1310 Arbiter
849 1247 1043 1310 honorarius.
1073 1247 1127 1329 (5.)
1147 1245 1313 1324 Gaudebit

214 1353 299 1436 quod
321 1354 362 1416 ad
384 1352 494 1416 ambas
510 1352 616 1416 Rheni
637 1352 722 1435 ripas
742 1350 899 1414 ditionem
915 1349 1033 1413 habeat
1049 1350 1199 1432 amplam,
1215 1357 1313 1433 atque

213 1457 345 1521 uberem
354 1484 364 1535 3
387 1456 471 1535 viris,
487 1456 592 1534 armis,
608 1455 722 1539 opibus
737 1460 979 1539 praepotentem.
1028 1454 1084 1537 (6.)
1103 1453 1262 1537 Quodque
1276 1455 1312 1517 in

213 1560 310 1624 feudo
332 1581 398 1638 suo,
406 1561 483 1641 jare
503 1562 550 1642 (ut
569 1559 756 1642 loquuntur)
776 1557 905 1637 feudali,
921 1557 1092 1622 obstrictos
1109 1558 1169 1622 sibi
1182 1558 1310 1636 habeat,

213 1685 277 1746 qua
298 1663 334 1725 in
355 1663 468 1727 Veteri
486 1662 679 1740 Palatinatu,
703 1682 766 1745 qua
790 1681 847 1743 per
869 1661 990 1725 vicinas
1011 1660 1154 1744 undique
1177 1661 1309 1725 Provin-

213 1768 287 1846 cias,
314 1769 422 1831 Duces
445 1767 582 1852 inclytos
605 1765 809 1848 Comitesque
831 1766 1015 1848 permultos.
1068 1766 1123 1849 (7.)
1153 1765 1310 1848 Quodque

213 1870 298 1955 apud
312 1893 364 1935 me
379 1872 414 1934 in
429 1872 562 1934 summis
584 1877 632 1933 est
648 1877 681 1933 et
696 1870 822 1932 taedam
836 1876 869 1932 et
880 1871 1066 1951 gaudiorum
1084 1870 1210 1953 (nempe
1225 1869 1311 1953 quod

212 1976 296 2038 viam
310 1976 437 2039 muniat
452 1975 492 2038 ad
512 1974 573 2039 Dei
592 1975 744 2056 paediam
766 1973 906 2036 secundo
927 1973 1009 2035 mihi
1030 1974 1101 2037 loco
1123 1973 1307 2055 dicendum)

212 2080 299 2163 quod
320 2081 426 2159 Patre,
451 2081 530 2158 Avo,
553 2079 721 2161 Atavoque
745 2085 841 2156 satus,
865 2078 919 2161 qui
943 2079 1099 2141 sinceram
1122 2077 1311 2160 religionem

214 2184 360 2268 amplexi,
376 2183 466 2267 quasi
484 2183 614 2246 Sionem
626 2204 716 2245 suam
728 2182 769 2246 ab
783 2182 823 2245 iis
839 2181 996 2246 abusuum
1020 2189 1052 2246 et
1075 2203 1219 2246 errorum
1241 2203 1309 2246 cor-

212 2287 357 2371 ruptelis,
374 2287 488 2369 quibus
504 2286 631 2370 oppleta
652 2285 708 2348 diu
724 2286 869 2368 jacuerat
883 2291 915 2348 et
936 2285 1112 2368 inquinata,
1130 2285 1192 2349 Dei
1207 2285 1311 2367 auspi-

213 2391 270 2454 ciis
291 2391 371 2454 serio
392 2390 564 2474 seduloque
579 2397 801 2472 repurgarunt.
849 2390 922 2455 Quo
938 2388 1068 2467 factum,
1084 2396 1121 2452 nt
1137 2410 1232 2472 super
1246 2389 1310 2451 illis

209 2495 337 2576 pavitas
359 2493 400 2556 sit
423 2495 529 2572 Deus,
552 2499 644 2556 utet
667 2493 736 2577 jam
756 2493 895 2575 pandect
919 2513 1012 2573 saper
1036 2514 1138 2555 semea
1162 2494 1309 2574 pisorum«

214 2596 343 2660 Gaudet
357 2617 432 2660 vero
454 2597 591 2677 Sponsas
614 2617 709 2679 super
728 2596 815 2660 hisce
837 2596 997 2675 omnibus,
1017 2595 1213 2680 longumque
1229 2594 1325 2679 pora

213 2700 295 2762 dect.
341 2701 395 2767 Ita
409 2721 558 2763 vovemus
574 2699 704 2782 singuli,
720 2699 768 2762 ita
782 2699 929 2763 universi.

104 2795 149 2891 ⁷9.
255 2803 301 2866 At
316 2802 375 2881 his,
387 2802 447 2865 etsi
461 2823 590 2883 aporians
601 2803 686 2885 jam:
703 2808 811 2865 tamen
823 2803 920 2865 etiam
936 2823 1009 2866 cum
1024 2803 1169 2866 nondum
1183 2823 1312 2885 mermes

52 2877 200 3008 {bofflm
208 2906 336 2987 pociora
350 2913 407 2968 est.
453 2907 553 2968 Extra
567 2926 711 2986 moneam
725 2913 800 2968 sunt
815 2905 845 2969 ei
860 2907 968 2969 omnia
976 2906 1053 2970 haec.
1091 2907 1138 2971 At
1153 2908 1198 2971 sic
1212 2907 1311 2971 habet

212 3008 333 3071 Versus
357 3013 476 3087 noster,
504 3008 658 3071 Gaudebit
683 3029 812 3090 sperem
835 3030 1102 3092 superspectabat.
1147 3012 1254 3094 Atque
1276 3013 1311 3076 id

212 3111 343 3174 demum
358 3111 459 3174 nostri
478 3111 620 3175 instituti
635 3119 703 3176 est:
727 3113 805 3176 Non
828 3114 931 3177 solum
953 3122 991 3178 ut
1009 3116 1148 3197 paadeot
1169 3136 1309 3197 mortua,

211 3214 266 3278 sed
281 3237 344 3298 qua
357 3236 494 3297 mortam.
542 3215 616 3280 Qua
629 3237 704 3280 vero
718 3237 857 3297 sparteas,
877 3239 1022 3299 sponsam
1044 3220 1183 3303 respicit.
1230 3222 1310 3284 Res-

210 3319 307 3402 piciat
322 3320 420 3398 illam,
436 3327 468 3384 et
483 3341 601 3383 novum
623 3319 671 3382 illi
687 3321 837 3402 paediam
855 3322 933 3404 (non
955 3323 1080 3407 dubito)
1104 3331 1214 3406 pectus
1237 3346 1309 3408 per-

210 3423 360 3487 tentabit.
407 3423 478 3487 Nec
498 3444 621 3486 unum:
646 3424 754 3487 Multa
779 3424 866 3488 enim
894 3426 970 3509 (qua
991 3426 1067 3490 data
1087 3428 1190 3511 porta)
1217 3429 1308 3510 quasi

210 3529 337 3609 agmine
352 3529 437 3592 facto
451 3529 487 3591 in
502 3535 710 3611 conspectum
727 3551 760 3593 se
776 3530 909 3594 dabunt.

255 3637 284 3697 1.
312 3633 465 3695 Gaudebit
479 3631 592 3716 primo,
606 3633 691 3716 quod
704 3635 771 3698 voti
786 3655 924 3717 compos,
941 3639 974 3698 et
989 3633 1138 3698 desiderii
1153 3635 1212 3698 sui.
1243 3636 1308 3698 De-

208 3737 357 3798 siderium
379 3737 467 3800 enim
488 3737 621 3814 beremae,
637 3738 753 3819 liparam
772 3736 881 3800 ettad.-
905 3737 1040 3820 Isipaam
1055 3745 1163 3802 autem
1177 3741 1257 3818 cite,
1273 3741 1308 3802 e'rr

208 3841 307 3902 medio
322 3842 398 3921 ipso,
409 3847 442 3904 et
453 3840 543 3923 quasi
556 3841 712 3931 Centrum
724 3841 876 3904 Paradt'ei
885 3851 906 3904 θ.
930 3841 1010 3904 Voti
1024 3841 1157 3924 inquam
1169 3864 1306 3926 compos,

209 3944 295 4027 quod
319 3944 374 4007 alii
398 3945 504 4022 multi,
525 3943 645 4026 magni,
673 3965 747 4008 cum
771 3945 928 4010 haberent
947 3946 982 4008 in
1001 3946 1092 4023 votis,
1113 3954 1208 4030 atque
1228 3946 1307 4010 adeo

209 4047 417 4127 exambirent,
432 4070 501 4114 non
515 4048 660 4112 tulerunt
674 4054 793 4112 tamen.
826 4051 904 4114 Non
919 4050 995 4114 tulit
1004 4050 1211 4134 Antigenesf:
1235 4053 1307 4116 Nec

209 4172 289 4234 opus
303 4151 405 4234 plura.
451 4153 501 4215 'Pu
514 4173 588 4216 vero
608 4152 708 4217 habes
723 4152 809 4236 quod
826 4160 895 4218 tota
909 4161 1018 4218 mente
1032 4156 1152 4239 petisti.
1198 4156 1306 4239 Atque

208 4276 247 4318 ex
262 4255 420 4338 completo
434 4255 495 4318 hoc
508 4255 666 4319 desiderio
677 4257 827 4338 paediam
841 4257 990 4340 primum.

271 4455 553 4520 ⁰[VideAnt.Albizii
563 4455 765 4520 Principchris·
841 4457 942 4509 dProv.
954 4460 1009 4509 xiii.
1025 4462 1061 4509 12.

238 4523 301 4572 tien.
309 4522 456 4585 Stemmata,
467 4520 509 4571 fol.
518 4521 587 4571 xxix.
606 4521 763 4585 Campidoni.
785 4551 788 4558 ·
841 4531 852 4558 θ
869 4523 969 4574 Genii.
983 4529 1005 4575 9.

240 4587 326 4650 1617]
843 4587 851 4620 ¹
866 4589 915 4653 [cf.
927 4590 1000 4652 Virg.
1012 4588 1065 4640 Ecl.
1077 4604 1100 4641 v.
1113 4589 1164 4654 89.]
