2970 4914
459 283 494 329 ru
517 283 641 331 suropo
662 283 879 348 raovmcnu,
902 285 968 333 mc.
1221 272 1264 336 35

160 435 266 512 oculis,
286 433 332 517 (id
350 435 411 517 est)
430 434 616 516 quotidiana
636 435 834 519 inspectione
855 438 892 502 in
915 439 1116 517 Goaststorit's
1135 442 1247 506 vestris
1253 468 1263 521 3

160 537 308 619 cesttptis,
327 537 373 620 (id
394 538 452 619 est)
478 537 603 600 solenni
623 537 813 603 lustratione
834 540 870 604 in
895 543 1141 622 Vasitata'oaa‘baoe,
1157 544 1264 608 laetam

160 639 391 723 florentemque
412 640 492 703 fieri.
538 641 592 703 Ita
612 647 749 725 utraque
768 649 801 706 et
823 644 1026 726 Philosoptit
1046 652 1079 709 et
1101 647 1265 731 Tteoteyia

160 741 269 805 favent
291 744 475 805 attentioni:
500 750 532 806 et
555 743 639 825 apud
660 745 866 826 Philosopbos
887 745 982 834 κυρία
1006 745 1096 829 δόξα,
1119 756 1153 812 et
1179 750 1264 832 apud

165 846 330 927 Theotopos
360 846 473 908 Canon
501 852 559 923 est,
589 846 773 910 Attendite:
811 848 940 931 utrique
976 872 1132 934 magnum
1160 852 1197 915 iu
1226 873 1265 915 eo

161 954 363 1011 momentum
377 948 535 1011 viderunt.

207 1051 328 1114 Paulus
337 1071 411 1113 vero
420 1056 548 1113 tantum
557 1049 594 1112 in
604 1050 654 1113 his
670 1057 809 1134 quatuor
818 1052 948 1136 syllabis
963 1061 1164 1119 momentum
1173 1057 1263 1136 vidit,

163 1157 202 1216 ut
216 1152 381 1215 Attendite
395 1151 511 1215 dixerit
521 1175 530 1228 ς
555 1151 681 1229 dixerit,
698 1160 731 1216 et
753 1159 883 1217 tantum
905 1154 1031 1233 dixerit,
1046 1177 1108 1221 nec
1129 1158 1264 1222 verbum

161 1262 316 1338 praeterea
334 1254 437 1318 ullum
459 1254 629 1333 addiderit,
645 1255 736 1337 quasi
754 1255 791 1319 in
813 1276 852 1320 eo
866 1255 967 1320 insint
990 1258 1116 1335 omnia3
1140 1266 1264 1324 etcum

162 1364 279 1422 catera
302 1364 419 1441 posset,
444 1357 591 1440 gratiam,
615 1358 804 1440 potentiam,
829 1359 1029 1442 opulentiam
1058 1362 1262 1441 meminisse;

165 1461 343 1544 (inquibus
365 1466 415 1524 est
441 1467 475 1523 et
496 1465 699 1523 momentum
722 1462 849 1544 suum3)
875 1462 966 1544 quasi
986 1462 1044 1526 ubi
1063 1464 1115 1526 vel
1139 1465 1264 1548 reliqua

161 1563 287 1642 desunt,
304 1563 372 1626 sola
386 1564 516 1626 attentio
539 1563 615 1626 satis
637 1562 690 1639 sit,
708 1563 810 1628 solam
833 1565 984 1628 evocavit.
1029 1566 1073 1629 Et
1090 1566 1221 1649 quidem
1236 1569 1264 1631 si

161 1667 260 1730 solers
282 1671 332 1729 est
353 1671 451 1748 atque
477 1664 570 1743 seria,
594 1665 622 1729 ri
644 1665 774 1730 assidua
799 1673 896 1750 atque
918 1667 1022 1746 anxia,
1045 1668 1072 1731 si
1090 1669 1139 1751 (ut
1154 1671 1263 1733 Poetae

161 1769 266 1833 verbis
280 1769 365 1851 utar)
382 1768 523 1858 improba
538 1769 668 1831 attentio
686 1769 805 1851 (idest,
822 1768 924 1852 qualis
943 1770 979 1833 in
1001 1770 1166 1854 improbis)
1185 1773 1263 1836 satis

160 1878 209 1934 est
234 1872 286 1935 vel
315 1871 391 1949 sola,
416 1890 477 1934 nec
506 1877 556 1933 est
581 1870 612 1933 ei
637 1871 689 1934 vel
714 1891 776 1934 vox
804 1871 876 1949 alia,
903 1872 954 1935 vel
976 1872 1078 1935 virtus
1104 1873 1261 1936 addenda.

160 1973 332 2037 Enimvero
353 1972 408 2056 qui
430 1978 554 2036 attente
573 1971 724 2035 historias
746 1971 871 2055 legerit,
883 1972 1007 2037 ¹videbit
1024 1973 1082 2036 illa
1099 1958 1171 2057 quae
1187 1975 1261 2051 dixi,

161 2074 348 2158 Principum
377 2074 524 2157 gratiam,
551 2073 759 2156 opulentiam,
789 2074 979 2156 potentiam,
1005 2097 1125 2158 magna
1152 2097 1262 2139 rerum

160 2177 373 2260 gerendarum
386 2176 544 2259 praesidia,
560 2175 672 2258 primis
686 2175 750 2238 illis
766 2176 958 2240 Christianis
982 2176 1120 2240 defuisse
1129 2203 1139 2256 ;
1162 2199 1262 2241 unam
1354 2228 1357 2233 .

163 2279 247 2344 hanc
260 2300 371 2344 vocem
384 2300 452 2342 non
466 2277 623 2342 defuisse:
646 2299 746 2340 unam
765 2277 850 2340 hanc
871 2277 974 2341 instar
987 2278 1131 2342 omnium
1145 2278 1260 2342 fuisse:

163 2382 221 2444 uni
234 2382 321 2459 huic,
332 2387 405 2465 post
417 2381 584 2446 Christum
595 2379 734 2462 quidem,
749 2379 867 2443 debere
875 2381 1053 2442 Ecclesiam
1063 2381 1262 2444 incrementa

163 2505 232 2548 sua.
261 2484 379 2567 Neque
393 2504 469 2548 vero
483 2483 559 2545 laeta
572 2481 674 2564 magis
688 2481 785 2544 facies
794 2481 956 2559 Ecclesiae,
973 2488 1029 2544 aut
1045 2503 1142 2564 quam
1152 2483 1260 2547 videre

162 2587 286 2664 malles,
298 2608 395 2670 quam
410 2607 484 2649 cum
493 2584 679 2648 timotheos
694 2583 818 2662 habuit,
830 2582 884 2666 qui
898 2603 968 2646 rem
979 2583 1095 2666 Gregis
1110 2605 1263 2666 germane

162 2689 373 2754 accurabant:
396 2690 513 2770 Neque
524 2707 599 2750 vero
613 2691 700 2748 tetra
713 2685 816 2768 magis
831 2690 887 2747 aut
902 2683 1031 2747 funesta
1044 2685 1141 2749 facies
1151 2685 1262 2750 Eccle-

162 2791 225 2870 siae,
242 2813 339 2874 quam
361 2812 435 2854 cum
452 2789 618 2852 Galliones
640 2787 765 2865 habuit,
780 2786 897 2869 quibus
912 2787 994 2849 cibit
1013 2788 1139 2850 itteram
1155 2787 1261 2866 carel,

162 2895 277 2977 quibus
293 2914 409 2975 susque
424 2892 526 2975 deque
542 2874 620 2973 quid
633 2891 725 2953 fieret
739 2889 900 2953 Ecclesiae.

205 2995 433 3072 Quamobrem,
448 3001 482 3057 et
502 2993 578 3076 quia
598 2997 692 3056 tanta
712 2991 829 3054 iubae
845 3011 921 3054 voce
944 2990 1055 3069 virtus,
1070 2996 1166 3074 urget
1189 3012 1261 3054 eam

159 3097 351 3181 Apostolus3
379 3103 412 3159 et
436 3116 512 3158 vero
541 3093 649 3171 etiam,
676 3093 751 3176 quia
778 3093 835 3156 illa
864 3113 936 3174 quae
965 3093 1061 3157 modo
1086 3092 1260 3170 nominavi,
1297 3120 1300 3125 ·

161 3200 321 3278 Potentia,
334 3200 429 3282 Opes,
445 3197 567 3274 Gratia,
578 3195 707 3258 aliunde
717 3194 870 3278 pendent,
883 3215 944 3257 nec
955 3194 1023 3276 opis
1038 3201 1114 3257 sunt
1125 3201 1260 3270 nostrae3

160 3304 371 3366 Attenuatum
389 3321 464 3363 vero
482 3299 617 3382 quisque
641 3297 704 3360 Dei
726 3298 846 3361 virtute
870 3318 890 3358 a
914 3296 1018 3380 seipso
1043 3297 1135 3379 petit,
1153 3317 1262 3376 secum

159 3405 268 3485 habet,
284 3413 318 3469 et
333 3404 418 3488 apud
433 3424 466 3466 se
479 3403 515 3466 in
529 3422 573 3480 se,
585 3422 660 3464 cum
675 3421 754 3483 opus
770 3407 830 3476 est,
843 3399 979 3476 excitat;
1004 3399 1088 3479 quod
1099 3399 1262 3461 Naamaui

160 3508 238 3572 olim
255 3509 337 3591 Syro
359 3526 468 3569 servus
491 3504 570 3585 ejus,
585 3502 620 3564 id
641 3501 723 3563 mihi
744 3501 840 3563 liceat
861 3520 1016 3581 usurpare
1041 3500 1165 3580 (Patres
1177 3501 1197 3582 z)
1225 3501 1261 3560 Si

159 3630 225 3673 rem
250 3608 402 3692 proadem
432 3607 563 3669 dmmset
590 3603 776 3686 Apostolus,
802 3607 883 3663 certe
901 3599 1011 3680 faeere
1040 3600 1260 3670 debuissettsss;

160 3719 275 3794 quanto
305 3712 414 3793 mepte,
445 3729 514 3770 eam
543 3709 600 3768 boc
633 3726 728 3767 caum
761 3703 850 3765 mode
886 3702 978 3779 davit,
1009 3701 1202 3764 Attendite?
1227 3700 1261 3763 id

160 3821 220 3892 est,
235 3820 274 3877 ut
295 3820 334 3874 ut
359 3817 475 3875 caetera
501 3808 617 3885 desint,
635 3807 757 3885 Gratia,
779 3804 942 3881 Potentia,
965 3804 1061 3884 Opes,
1086 3822 1167 3884 quae,
1187 3802 1262 3883 quia

159 3938 258 4000 penes
272 3937 327 3978 vos
347 3935 415 3999 non
434 3918 519 3988 sunt,
536 3932 603 3974 non
620 3909 703 3992 petit
723 3930 743 3972 a
762 3907 862 3984 vobis,
878 3927 978 3968 uuam
995 3905 1080 3967 hanc
1098 3903 1262 3968 vobiscum

160 4019 282 4095 afferte,
299 4017 507 4078 attentionem.
1190 4018 1193 4023 ·
1260 4100 1262 4103 Ι

204 4122 399 4201 Quanquam
420 4117 475 4179 illa
498 4114 627 4198 quidem
645 4111 743 4194 (quod
757 4112 852 4175 initio
875 4110 997 4191 monui)
1016 4130 1082 4172 una
1103 4130 1171 4172 non
1193 4114 1242 4170 est
1252 4134 1261 4185 ;

159 4222 329 4305 multiplex
349 4227 415 4283 est:
438 4237 499 4280 nec
521 4216 602 4278 mihi
620 4215 668 4296 (ut
684 4213 770 4295 quod
787 4234 839 4276 res
862 4219 911 4274 est
935 4211 1061 4292 dicam)
1079 4231 1136 4293 per
1154 4209 1263 4273 omnia

162 4323 325 4400 satisfacit,
342 4320 497 4383 Latinum
511 4319 572 4382 hoc
587 4316 746 4379 attendite.
778 4314 909 4377 Plenius
924 4319 972 4375 est
989 4311 1074 4394 quod
1089 4312 1125 4373 in
1140 4311 1263 4391 origine

287 4440 295 4469 t
312 4437 369 4486 Act.
382 4437 454 4486 xviii.
467 4436 505 4486 17.
830 4441 842 4462 ⁸¹
859 4434 873 4479 2
887 4431 932 4494 [al.
943 4430 975 4494 4.]
986 4430 1047 4492 Bag.
1059 4445 1082 4479 v.
1095 4429 1134 4484 13.

982 4528 1003 4573 u
1027 4514 1048 4574 2
