2970 4914
455 278 491 325 ru
513 278 637 326 arnono
659 277 874 341 rnovruamnr,
896 277 964 324 nno.
1217 263 1259 324 45

160 453 267 516 minus
290 455 443 517 attendat.
487 453 566 515 Non
589 452 675 514 enim
697 451 788 515 illum
811 452 949 534 Spiritus
966 453 1103 514 Sanctus
1126 450 1188 528 hio,
1205 448 1260 514 sed

160 556 242 618 alius
268 556 374 639 (quem
395 557 500 619 dicere
520 555 607 636 nolo)
628 555 768 635 Spiritus
782 553 972 635 Episcopum
990 554 1105 636 posuit.
1152 553 1261 619 Quare
1358 588 1363 601 ·

161 658 188 720 si
217 659 406 742 cujusquam
434 659 470 720 in
501 658 625 721 Palatio
662 657 826 739 sacrilegae
854 658 1071 721 Ecclesiarum
1101 656 1262 719 nundina·
1310 725 1314 734 ,

160 769 284 825 tiones:
309 763 336 825 si
358 763 548 845 cujusquam
569 761 604 822 in
619 760 813 837 visitatione,
836 761 939 844 major
958 781 1165 824 nummorum
1180 759 1263 823 ratio

162 857 256 947 qnam
272 887 399 928 morum
408 891 418 942 3
442 865 470 927 si
485 865 674 947 cujusquam
689 863 724 926 in
745 863 852 941 Curia,
867 865 997 927 venales
1013 865 1182 928 Canonum
1198 862 1262 925 dis-

160 968 334 1050 sipationes
363 969 440 1050 (non
467 967 553 1030 enim
580 964 843 1047 dispensationes11
854 967 876 1048 :)
910 966 1007 1046 uerbo
1037 965 1209 1044 absolvam,
1236 966 1263 1028 si

160 1071 309 1154 cuiquam
332 1091 399 1153 prae
421 1071 491 1133 auri
513 1091 603 1132 saera
623 1068 725 1133 fame¹
742 1069 824 1132 nihil
844 1077 893 1133 cst
912 1090 1055 1133 sacrum:
1078 1069 1155 1133 inde
1177 1070 1263 1132 mala

160 1173 239 1251 hoec,
251 1174 326 1237 inde
338 1174 401 1236 alia
409 1173 459 1235 his
470 1173 563 1256 plura
575 1199 582 1237 :
599 1173 684 1255 quod
695 1173 925 1234 mercenariusm
934 1171 1042 1250 fuerit,
1052 1194 1119 1235 non
1128 1178 1262 1254 pastor,-

161 1276 247 1359 quod
268 1277 455 1338 Mammoaae
476 1275 660 1356 Episcopus,
683 1296 751 1337 non
774 1275 914 1358 Spiritus
939 1276 1062 1339 Sancti.
1106 1277 1175 1340 Vos
1189 1297 1265 1340 vero
1313 1254 1321 1267 ’

103 1435 106 1439 ,
162 1379 299 1462 (Patres)
327 1379 402 1461 quia
425 1401 444 1441 a
467 1378 591 1460 Spiritu
615 1377 790 1460 accepistis,
811 1384 850 1440 ut
867 1399 922 1441 vos
944 1378 1006 1441 hoc
1027 1379 1098 1441 loco
1119 1387 1264 1461 poneret,

161 1481 201 1545 ab
226 1481 338 1545 eodem
364 1480 530 1564 accepistis
559 1479 672 1563 (spero)
700 1485 737 1542 ut
753 1480 821 1542 haeo
835 1480 905 1562 ipsa
920 1480 1084 1562 cogitatio,
1101 1481 1187 1564 quod
1204 1481 1264 1544 lile

161 1607 216 1648 vos
240 1586 395 1648 hocloco
414 1585 532 1665 posuit,
557 1583 700 1666 quotidie
722 1583 822 1661 vobis,
844 1583 935 1664 quasi
962 1604 1026 1661 cos,
1048 1589 1150 1646 acuat·
1161 1584 1264 1666 magis

162 1689 327 1771 magisque
343 1689 544 1751 attentionem
558 1693 707 1749 vestram.
753 1686 866 1749 Nostis
882 1687 969 1749 enim
991 1687 1189 1750 reddendam
1209 1688 1265 1750 Illi

165 1792 334 1870 rationem,
360 1791 414 1874 qui
435 1812 491 1853 vos
504 1790 622 1870 posuit,
641 1791 812 1851 oeconomice
837 1797 961 1867 vestrae,
978 1811 1059 1873 quae,
1081 1797 1265 1873 quantaque

161 1894 251 1957 vobis
265 1894 301 1956 in
314 1893 370 1956 illa
385 1891 638 1969 attentiofuerit,
656 1913 753 1974 quam
767 1892 840 1965 ,alte
862 1892 952 1956 vobis
978 1892 1096 1956 sederit
1116 1914 1177 1957 vox
1201 1893 1265 1958 ista

163 1998 333 2069 attendite;
368 1996 407 2058 ab
431 1997 544 2078 quue
570 1995 622 2057 vel
643 1995 944 2059 immarcescibilem
969 1997 1078 2079 gloriae
1102 2018 1267 2076 coronam,¹

162 2100 330 2183 praemium
345 2098 530 2162 attentionis
543 2104 678 2176 vestrae3
701 2099 754 2162 vel
774 2100 963 2175 cruciatum,
982 2106 1015 2163 et
1029 2101 1265 2166 intolerabilem

164 2202 326 2280 sentienti,
340 2209 372 2265 et
386 2201 660 2264 interminabilem
672 2202 855 2282 sustinenti,
868 2203 1059 2286 supplicium
1074 2206 1265 2287 remissionis

163 2314 286 2384 vestrae,
297 2304 542 2389 expectandum.
576 2305 718 2370 Omnino
734 2305 789 2388 qui
803 2327 859 2369 vos
875 2307 991 2369 adhoc
1006 2307 1131 2379 Munus
1146 2310 1262 2391 posuit,

163 2417 262 2491 ponet
285 2409 383 2486 vobis,
412 2409 464 2472 vel
489 2430 564 2471 cum
592 2409 719 2473 Sanctis
743 2416 879 2492 partem,
908 2410 934 2472 si
960 2412 1093 2484 attenti;
1116 2412 1167 2474 vel
1190 2433 1265 2476 cum

163 2511 339 2595 hypocritis
355 2519 489 2595 partem,
507 2511 534 2573 si
549 2512 680 2589 remissi,
694 2511 729 2573 in
744 2511 796 2575 die
821 2512 888 2575 illo.
932 2514 977 2576 Et
993 2513 1070 2597 quid
1095 2519 1263 2597 superest?

164 2616 217 2677 En
231 2615 320 2678 vobis
336 2621 474 2692 mortem
489 2621 522 2675 et
536 2613 647 2690 vitam,
664 2634 706 2676 en
726 2614 844 2676 coelum
859 2622 891 2677 ct
907 2616 1098 2697 gehennam,
1115 2638 1157 2680 en
1171 2625 1263 2682 aeter-

165 2735 245 2780 num
262 2719 314 2780 vel
327 2718 404 2780 flere
418 2717 469 2779 vel
484 2715 623 2798 gaudere
637 2716 672 2778 in
686 2716 835 2778 manibus
850 2719 1032 2780 attentionis
1045 2724 1180 2784 vestrae:
1203 2722 1263 2783 At-

164 2822 281 2883 tendite
294 2820 404 2903 igitur,
421 2825 453 2883 et
469 2818 622 2882 sollicitos
637 2841 692 2882 vos
712 2819 831 2882 habeat
853 2821 1015 2904 cogitatio,
1033 2822 1059 2884 si
1074 2844 1142 2886 non
1157 2825 1262 2903 officii,

165 2925 279 2988 saltem
292 2923 428 3006 periculi
441 2923 497 3005 huj
502 2944 539 2984 us
553 2923 663 2986 vestri.

193 3027 365 3103 Attendite,
375 3026 525 3106 inquam:
541 3027 638 3108 idque
648 3046 722 3090 cum
733 3033 888 3108 perpetuo
899 3027 1004 3105 facite,
1022 3028 1119 3091 Domi
1130 3029 1264 3111 quisquc

165 3129 200 3191 in
216 3128 442 3212 speculatoris
456 3128 491 3191 in
506 3129 690 3193 visitatione
705 3136 820 3208 vestra,
840 3130 1047 3210 (Consistoria
1062 3131 1148 3193 enim
1159 3139 1266 3195 vestra

166 3233 352 3294 attentiones
368 3231 456 3294 sedes
471 3239 556 3310 sunt,
578 3233 779 3294 Visitatianes
793 3238 912 3310 vestra,
929 3234 1110 3295 attentionis
1123 3234 1260 3317 itinera)

165 3340 237 3396 tum
259 3354 335 3397 vero
360 3333 395 3395 in
427 3333 559 3417 Synodo
581 3333 635 3395 hic
664 3333 770 3411 hodie,
794 3335 845 3396 vel
868 3335 1015 3397 maxime.
1062 3334 1266 3418 Syn'odorum

167 3437 263 3514 enim,
293 3437 345 3500 vel
366 3457 433 3498 uno
462 3437 524 3499 hoc
547 3437 730 3498 attentionis
752 3437 893 3514 nomine,
919 3437 954 3499 in
977 3437 1121 3500 Ecclesia
1142 3438 1266 3501 illustre

167 3559 290 3621 semper
305 3545 434 3614 no'men,
450 3543 483 3599 et
505 3557 580 3599 oum
600 3536 743 3614 celebris,
759 3544 840 3614 turn,
860 3537 994 3600 salubris
1016 3539 1208 3602 auctoritas:
1231 3540 1265 3602 in

167 3641 293 3723 quibus,
320 3641 399 3702 dum
428 3638 594 3722 Synodum
621 3639 754 3721 quisque
780 3661 871 3702 suam
900 3640 951 3721 (de
976 3663 1038 3722 qua
1060 3641 1153 3703 initio
1175 3641 1262 3723 dixi)
1321 3639 1364 3698 38

167 3765 263 3826 quam
278 3742 461 3806 circumfert
475 3742 511 3803 in
519 3749 658 3824 pectore,
670 3762 751 3804 carae
762 3747 859 3824 atque
869 3743 999 3818 consilii,
1015 3742 1051 3803 in
1062 3762 1266 3807 communem
1367 3815 1374 3833 „

168 3848 326 3929 Synodnm
355 3846 488 3922 confert,
519 3866 673 3927 magnum
703 3865 827 3927 semper
856 3843 1034 3907 remedium
1064 3845 1197 3924 exstitit,
1228 3848 1269 3911 ad
1371 3858 1374 3865 '

166 3947 386 4034 καταρτισμὸν
396 3948 554 4010 Ecclesia.
580 3947 615 4009 Si
627 3947 753 4029 quando
765 3947 851 4010 enim
866 3966 1005 4007 marmur
1013 3946 1049 4009 in
1064 3967 1102 4010 ea
1115 3955 1267 4028 emortum,

166 4051 219 4113 hic
241 4051 382 4112 sedatam
403 4056 483 4112 estn.
530 4049 566 4111 Si
588 4048 715 4131 quaudo
738 4049 862 4111 emersit
877 4049 1012 4127 derasis,
1029 4050 1081 4112 die
1092 4052 1266 4133 proflipata

168 4160 214 4217 est
224 4167 246 4216 ⁰.
286 4154 323 4215 Si
339 4153 460 4234 qnando
485 4153 561 4234 qnid
582 4154 647 4214 nlla
670 4153 703 4213 in
726 4172 761 4213 re
783 4152 926 4232 cuiqnam
949 4152 1168 4235 indulgendam
1184 4154 1264 4235 fnit,

199 4271 211 4303 ¹¹
230 4270 311 4335 [vide
323 4271 348 4320 S.
358 4271 431 4320 Bern.
443 4271 474 4320 de
486 4270 587 4320 Consid.
599 4270 643 4318 lib.
656 4269 692 4318 iii.
769 4277 786 4300 ¹¹¹
807 4268 824 4316 J
826 4284 880 4319 oan.
894 4285 917 4318 x.
929 4272 966 4319 12.

168 4351 221 4398 cap.
230 4338 253 4384 4.
267 4336 334 4398 (sect
343 4336 393 4398 18.)
414 4335 469 4398 Op,
484 4335 532 4385 vol.
545 4335 562 4383 i.
575 4334 644 4394 (tom.
657 4334 693 4397 ii.)
771 4341 782 4364 ¹¹
811 4335 868 4382 Act.
882 4336 968 4397 Apost.
991 4351 1044 4399 cap.
1056 4338 1089 4386 vi·
1102 4337 1145 4401 [1.]

168 4399 329 4462 col.l33.ll.]
771 4408 782 4431 ⁰
812 4397 889 4462 [bid]
903 4414 956 4462 cap.
966 4416 1007 4450 xv.
1019 4400 1128 4465 [1.seq.]

201 4463 206 4494 ¹
230 4464 312 4527 [Virg.
327 4462 488 4526 mantnt]
565 4528 568 4538 ι
