2970 4914
394 274 593 321 rriuoiocici
615 274 868 322 numnnmnnoe
1126 261 1188 323 127

90 427 318 510 dioes,furtum
332 429 371 492 de
380 451 413 492 se
422 431 566 492 illicitum
576 436 624 492 est
632 439 649 491 ¹.
680 431 788 493 Etiam
794 426 909 510 sunus,
921 431 950 494 O
960 429 1057 508 bone,
1073 450 1189 512 nempe
1204 441 1211 471 ¹
1224 441 1320 518 [verna

89 534 209 613 rapine
232 533 370 616 species:
393 540 425 596 et
439 541 526 596 recte
541 533 621 595 illud
636 533 792 617 quispiam
813 536 1002 596 Terreslrem
1017 534 1190 615 piraticam
1202 507 1358 630 Lgllffiffiss

92 636 272 718 appellavit.
318 637 483 698 Neutrum
498 643 608 698 tamen
622 643 752 718 propter
767 657 902 714 aceruos,
916 637 980 698 sive
994 638 1127 698 minores
1141 635 1189 697 illi
1203 635 1332 711 quadratis

91 738 167 816 sint,
185 739 250 801 sive
262 739 479 820 orendiusculi
488 765 498 811 ;
523 739 580 800 sed
594 747 723 821 propter
734 739 790 800 illa
804 739 898 820 Lenis
912 739 1018 817 verba,
1035 761 1105 821 quae
1120 745 1187 800 tam
1201 715 1273 813 ilari
1289 737 1328 814 'n-

82 840 201 921 foenori
229 863 325 924 quam
347 841 439 921 furto
464 842 594 904 funesta
623 849 708 904 sunt.
753 842 861 922 Neque
887 843 1078 922 omniaque
1103 843 1188 903 illius
1200 830 1355 895 elucemus]

90 943 187 1007 suuli.
235 945 337 1027 Atqui
359 947 445 1006 illius
469 952 555 1023 sunt,
583 965 780 1027 quaecunque
804 946 889 1006 illius
914 945 1072 1006 industria
1097 951 1190 1027 parta

90 1055 177 1126 sunt,
193 1049 243 1110 uti
262 1069 337 1110 mox
352 1048 505 1110 dicemus.
555 1049 739 1110 Comedendi
754 1048 842 1110 enim
860 1050 968 1129 cuique
989 1048 1109 1109 labores
1123 1069 1189 1109 mo-

90 1171 184 1212 nuum
198 1149 353 1212 suorumk.
400 1150 494 1213 Nihil
508 1150 601 1213 addo.

135 1255 155 1316 J
158 1276 210 1316 am
239 1254 354 1317 videtis
387 1254 502 1336 (spero)
537 1275 642 1336 neque
672 1255 825 1333 Nesleclt,
856 1275 961 1336 neque
990 1253 1213 1316 mentionem²
1233 1259 1319 1337 [isne

85 1358 237 1438 pauperis
259 1357 424 1440 impedire,
448 1379 511 1439 quo
536 1358 643 1419 minus
658 1358 726 1420 Leo
751 1358 792 1419 sit
818 1355 901 1420 κατὰ
921 1353 1049 1431 πόντος,
1073 1357 1106 1419 id
1129 1363 1188 1436 est,
1203 1323 1354 1438 {llffiffi

96 1461 214 1522 Usuros
229 1481 349 1538 omnes,
367 1459 432 1522 sive
453 1461 557 1521 civiles
573 1459 638 1522 sive
658 1461 807 1537 inciviles,
830 1459 894 1522 sive
910 1459 950 1522 ab
965 1461 1033 1520 imre
1054 1459 1190 1523 conditi·
1203 1453 1312 1501 locans·

92 1565 161 1628 onis
175 1565 305 1627 homine
315 1562 465 1640 exactas²,
483 1564 548 1626 sive
556 1584 689 1642 summe,
705 1585 763 1646 pro
774 1565 911 1625 illicitis³
929 1563 1094 1626 damnatas
1111 1584 1190 1627 esse.
1205 1517 1355 1644 lllifflil

1235 1660 1258 1708 S.
1271 1659 1355 1723 Harl]

91 1834 93 1837 ι
136 1755 253 1817 Adhuc
268 1754 380 1835 Lenem
395 1775 504 1836 urgeo,
549 1752 624 1815 Tria
639 1753 794 1835 siquidem
809 1753 844 1814 in
855 1753 937 1835 Leye
953 1760 1049 1814 sunt:
1077 1752 1121 1834 (1)
1138 1754 1191 1815 In·
1205 1735 1333 1861 [dalilis]

92 1858 267 1935 lerdietum
299 1858 341 1938 (2)
360 1857 509 1934 Censura,
533 1856 581 1941 (3)
601 1857 738 1917 Sanctio.
784 1856 918 1918 Dictum
943 1857 1012 1939 jam
1035 1855 1073 1918 de
1095 1857 1192 1918 inten-
1291 1890 1295 1894 ·

93 1961 192 2022 dicto:
220 1961 356 2022 Censura
370 1959 464 2040 Leuis
486 1959 647 2041 proximo;
672 1959 705 2021 id
726 1965 784 2036 est,
800 1959 866 2037 ubi,
891 1973 953 2042 qua
976 1960 1083 2036 classe,
1107 1959 1193 2021 inter

94 2083 165 2144 quae
185 2051 312 2139 scelere,
329 2061 450 2124 crimen
466 2061 614 2143 quodque
630 2061 872 2137 collocandum3
898 2069 1063 2144 quantum,
1081 2064 1193 2144 quanti

93 2165 287 2243 habendum,
314 2187 411 2247 quem
435 2165 485 2226 vel
507 2185 602 2246 grave
625 2165 675 2227 vel
698 2166 766 2226 leve
789 2165 920 2242 crimen,
939 2165 1086 2246 quodque
1108 2166 1193 2228 aesti-

93 2268 248 2330 mendum
272 2269 323 2330 sit.
362 2267 461 2330 Acin
479 2268 652 2348 Scripturis
668 2268 807 2349 quidem,
830 2268 911 2349 (quae
928 2289 1052 2348 semper
1068 2269 1193 2329 Saulem

93 2372 175 2433 inter
190 2369 383 2452 Prophetesl
398 2370 549 2431 admirari
564 2370 691 2450 solent,)
715 2370 885 2431 Usurnrum
907 2370 1008 2431 tristis
1032 2377 1064 2431 et
1086 2391 1194 2433 severa

93 2475 214 2538 taxatio
240 2482 298 2537 est.
356 2473 506 2536 Ezechiel
536 2495 674 2554 namque
704 2475 813 2535 Diuini
835 2475 923 2554 juris
950 2475 1194 2536 consultissimus

93 2599 156 2640 ver.
173 2581 203 2640 8.
220 2600 288 2660 cap.
304 2578 389 2640 xviii.
413 2577 553 2640 medinm
575 2577 612 2638 in
634 2578 793 2638 colluviem
816 2577 1078 2658 gravissimorum
1099 2581 1192 2640 seele-

93 2701 162 2742 rum
189 2702 283 2742 omne
307 2702 346 2742 ex
371 2687 474 2742 mutuo
498 2680 719 2740 incrementum
745 2678 886 2760 conjicit,
914 2686 947 2741 et
978 2681 1025 2760 (ut
1051 2679 1194 2761 loquitur

94 2783 243 2865 Basilius)
269 2780 303 2846 ἐν
323 2781 491 2864 μεγίστοις
513 2784 620 2844 κακῶν
641 2779 792 2844 τίθεται111
811 2783 1015 2860 Idololatrice,
1033 2783 1192 2859 adulterii,

93 2885 294 2966 impuritatis,
317 2887 478 2962 violentie,
495 2884 592 2964 furti,
610 2892 642 2946 et
663 2885 764 2967 affigit
784 2884 826 2946 ad
849 2892 944 2968 caput
960 2885 1028 2968 ejus
1049 2886 1192 2948 tristissi-

94 3010 184 3050 mum
199 3010 319 3051 nomen
336 2988 496 3068 Midilifl
511 2988 544 3050 id
561 2996 618 3066 est,
636 2988 834 3049 abominandi
849 2989 975 3051 sceleris
980 3015 990 3061 ;
1006 2995 1054 3066 ut,
1065 2989 1143 3072 quid
1154 2989 1193 3050 de

94 3113 132 3154 eo
147 3091 363 3168 sentiendum,
380 3091 480 3153 cuivis
495 3091 530 3152 in
545 3091 683 3173 proclive
699 3091 750 3153 sit.

53 3288 56 3292 ’
138 3281 266 3342 Sanctio
291 3301 386 3363 porro
412 3280 554 3342 succedit
577 3280 663 3358 huic,
691 3301 791 3361 eaque
818 3281 965 3362 gemina:
1000 3281 1054 3362 (1.)
1081 3281 1194 3344 Altera
1206 3250 1294 3410 §Legite
1319 3362 1329 3424 ]

1224 3377 1270 3410 anu
1283 3378 1312 3410 10.

93 3383 190 3466 hujus
213 3384 307 3461 vitae3
334 3383 390 3465 (2.)
408 3373 536 3459 futures,
563 3383 673 3444 altera.
727 3384 783 3464 (1.)
813 3383 921 3466 Hujus
955 3384 1057 3465 (Prov.
1085 3405 1191 3445 xxviu.

91 3506 156 3548 ver.
174 3487 216 3567 8.)
258 3487 435 3548 Translotio
466 3486 510 3546 uel
537 3487 672 3547 heredes
702 3486 790 3562 ulios,
833 3486 955 3565 injuste
986 3487 1194 3564 possessionis
1251 3488 1313 3547 119

94 3597 330 3671 argumentum.
378 3589 457 3652 Ideo
488 3594 597 3650 autem
627 3587 746 3667 injusto
777 3589 944 3665 possessio,
978 3588 1053 3668 quia
1081 3589 1194 3668 injuste

88 3699 197 3772 porto.
245 3694 299 3775 (2.)
328 3692 495 3755 Futurae⁴z
520 3689 795 3765 MaledictioDei,
814 3689 899 3750 Psal.
912 3711 962 3752 xv.
985 3689 1058 3770 [xiv.
1076 3690 1187 3772 Vulg.]
1207 3693 1346 3769 ‘Pellem

93 3817 157 3860 ver.
175 3800 205 3859 5.
229 3797 312 3859 Divo
326 3794 498 3858 Ambrosio
515 3792 744 3877 Syllogismum
761 3791 950 3871 colligente:
977 3792 1013 3852 Si
1036 3813 1118 3872 erqo,
1142 3794 1194 3873 qui
1206 3757 1344 3885 ffliffim'

94 3921 154 3961 non
170 3900 265 3976 dedit,
290 3899 465 3960 benedictus
477 3924 487 3970 ;
511 3897 577 3958 sine
599 3896 691 3957 dubio
713 3895 906 3970 maledictus,
928 3894 981 3974 qui
1004 3894 1048 3954 od
1067 3914 1194 3955 usurum

94 4003 181 4064 dedit
189 4015 212 4065 ⁰.
260 4002 328 4079 Sin,
356 4001 430 4084 quia
453 4001 597 4062 Nemeen
622 3999 669 4060 ibi
691 4005 822 4060 tantum
850 4003 908 4072 est,
932 3997 1040 4058 minus
1071 3997 1194 4079 placeat

91 4104 181 4168 locus
201 4105 266 4182 ille,
287 4104 443 4167 revocabo
463 4104 527 4165 huc
548 4090 725 4165 Ezechielis
746 4101 833 4163 idem
856 4106 952 4180 caput
976 4121 1039 4161 ver.
1059 4103 1121 4177 13„
1137 4100 1194 4162 ubi

126 4230 132 4261 ¹
156 4231 236 4280 Exod.
248 4245 290 4279 xx.
304 4231 343 4281 l'r'.
665 4230 754 4278 tomi.
768 4225 916 4290 paone]

125 4298 137 4326 ¹¹
157 4296 238 4360 [Vide
250 4299 264 4343 2
277 4295 360 4343 Thess.
374 4295 409 4342 iii.
422 4294 475 4356 m]
698 4302 710 4324 ¹¹
728 4292 831 4355 [Erech.
843 4291 913 4338 xviii.
928 4289 981 4366 m]

129 4359 134 4391 ¹
158 4362 184 4424 [1
198 4361 264 4408 Sam.
278 4358 362 4421 x.11.]
698 4366 709 4390 ⁰
727 4357 761 4421 [S.
770 4356 858 4404 Ambr.
871 4355 901 4404 de
914 4354 996 4403 Tobrt.
1008 4370 1061 4416 cap.
1071 4371 1110 4403 xv.
1127 4355 1194 4416 (scot.

126 4433 143 4455 ¹¹
160 4425 285 4473 Malorum
300 4422 419 4472 maximis
435 4426 621 4471 annumeretur.
667 4422 716 4485 52.)
746 4420 1029 4484 Op.,t0m.i.col.608.
1044 4419 1081 4481 R]

94 4489 129 4552 [S.
144 4489 200 4538 Bos.
214 4488 290 4538 Hom.
303 4489 331 4536 in
345 4487 384 4536 Ps.
398 4487 448 4535 xiv.
467 4502 519 4548 cap.
532 4487 548 4534 i.
566 4486 621 4548 Op,
893 4517 895 4520 ψ
