2970 4914
217 269 239 331 6
571 284 722 334 aristam
742 282 966 337 cunicarnam.

220 440 473 523 contemplatum
496 441 606 521 fuisse,
628 442 663 506 id
685 450 744 521 est,
769 442 857 526 gravi
879 464 916 506 ac
937 462 1056 505 severo.
1102 439 1268 517 Attamen,
1283 442 1322 501 ut

220 543 350 626 quidam
366 552 441 607 sunt
456 547 593 627 planeta
607 547 725 609 minuti
748 547 806 629 (ita
824 545 991 610 nonnullis
1010 544 1141 628 placet),
1164 543 1220 626 qui
1237 543 1322 606 circa

222 649 400 711 Saturnum
423 656 566 713 errantes
589 649 717 728 ludunt,
734 649 781 713 ita
802 656 835 713 et
851 650 916 712 Hic
936 655 1041 712 noster
1062 669 1129 712 non
1151 668 1275 729 semper
1290 653 1324 708 et

219 749 340 836 ubique
354 753 423 836 pari
437 755 602 835 supercilio
617 755 758 818 frontem
770 753 940 818 contrahit.
987 755 1078 836 Saepe
1089 752 1187 816 etiam
1201 751 1324 812 Gratiis

219 855 370 920 litantem
392 855 501 920 ridere
524 857 611 935 licet,
638 864 672 921 et
694 858 730 920 in
755 879 790 921 re
813 857 904 936 seria,
930 857 1082 920 decenter
1104 854 1244 938 quidem,
1265 852 1323 916 sed

162 975 168 981 ·
219 957 387 1022 ludentem
402 966 521 1024 tamen.
566 960 610 1024 Et
624 961 660 1024 in
674 960 724 1023 his
738 961 847 1040 etiam,
869 960 919 1024 sui
933 961 980 1023 ita
994 959 1113 1041 ubique
1135 956 1247 1021 similis
1262 964 1322 1034 est,

220 1069 259 1126 ut
273 1062 366 1127 facile
381 1063 422 1127 sit
436 1064 554 1143 videre,
571 1086 669 1148 quam
683 1064 774 1128 nullo
788 1064 930 1148 negotio,
947 1063 1071 1146 quoties
1085 1061 1191 1139 libuit,
1208 1067 1241 1124 et
1256 1081 1274 1124 e
1288 1081 1324 1124 re

219 1164 292 1244 snt,
308 1166 359 1230 vel
372 1166 507 1230 induere
521 1168 673 1250 potuerit,
685 1167 736 1231 vel
747 1189 862 1232 exuere
877 1167 1046 1231 Catonem.
1211 1166 1214 1171 ’

266 1269 362 1336 Quod
387 1270 547 1354 reliquum
571 1277 632 1350 est,
664 1273 920 1336 sacratissimam
949 1270 1153 1351 Majestatem
1183 1269 1324 1332 Vestram

220 1379 344 1436 oratam
363 1374 519 1457 cupimus,
542 1382 580 1437 ut
601 1375 680 1455 hacc,
703 1376 811 1458 qualia
833 1373 939 1458 qualia
960 1373 1035 1451 sint,
1050 1373 1151 1436 veluti
1171 1371 1323 1454 reliquias

223 1476 421 1540 sanctissimi
436 1478 587 1540 Prasalis
606 1479 641 1541 in
664 1478 737 1541 sinu
754 1479 816 1541 Sao
836 1478 943 1542 fovere
963 1477 1124 1560 dignetur.
1172 1476 1256 1538 Sunt
1271 1474 1324 1537 hic

220 1579 331 1662 paucis
353 1581 467 1659 multa,
495 1581 551 1644 sed
575 1602 645 1664 quae
664 1581 716 1644 vix
741 1581 836 1664 pauci
856 1580 1002 1663 pluribus
1025 1585 1202 1663 exaequent.
1250 1579 1324 1644 Quo

221 1682 372 1765 pauciora
395 1692 481 1762 sunt,
509 1705 548 1748 eo
567 1684 673 1763 citius,
697 1684 753 1747 sed
777 1691 810 1747 et
832 1683 947 1766 saepius
971 1689 1107 1766 possunt
1129 1681 1203 1764 legi.
1250 1682 1324 1747 Quo
1372 1721 1377 1727 -

160 1837 161 1840 ,
210 1786 337 1869 saepius
360 1787 434 1870 legi,
468 1809 506 1852 eo
540 1788 612 1871 plus
643 1794 691 1851 est
721 1787 808 1872 quod
836 1788 912 1851 inde
941 1787 1092 1850 discatur.
1148 1785 1325 1849 Discentur

222 1898 341 1969 autem,
366 1897 437 1954 tum
465 1912 536 1976 quae
559 1891 815 1972 Superstitionem
837 1891 1018 1975 profligent,
1037 1897 1109 1954 tum
1128 1909 1199 1973 quae
1221 1888 1324 1952 menti

221 1994 406 2058 erudiendae
432 1992 783 2078 atqueulomponendae
805 1994 991 2058 inserviant.
1037 1995 1125 2057 Dum
1147 1993 1235 2071 vixit,
1256 2012 1323 2054 non

221 2097 335 2160 habuit
358 2098 457 2179 Repia
481 2099 638 2179 Majestas
673 2100 784 2162 Vestra
812 2099 941 2162 Servum
964 2097 1091 2161 fidelem
1115 2096 1235 2179 magis:
1256 2116 1323 2159 non

221 2199 335 2263 habuit
350 2201 495 2264 Ecclesia
510 2201 694 2264 Antistitem
708 2201 812 2285 magis
834 2201 1007 2265 eruditum.
1053 2201 1154 2264 Nunc
1176 2207 1323 2263 mortuus

221 2322 279 2384 por
293 2323 352 2365 nos
375 2309 454 2380 orat,
470 2310 508 2366 ut
523 2304 600 2366 dum
621 2304 670 2367 illi
688 2325 784 2368 nemo
800 2305 943 2385 sepulcri
964 2309 1190 2367 monumentum
1211 2322 1323 2386 parare

222 2406 348 2488 satagit,
364 2406 425 2470 hoc
446 2407 560 2470 saltem
575 2415 832 2486 monumentum,
846 2407 931 2490 quod
948 2407 1001 2470 hic
1016 2407 1176 2490 ponimus,
1197 2404 1324 2489 propria

221 2508 321 2591 ipsius
336 2533 444 2590 manu,
461 2511 539 2576 dum
554 2513 684 2592 viveret,
700 2513 866 2596 ingeniose
881 2513 1083 2590 fabricatum,
1100 2511 1198 2592 Repio
1213 2510 1323 2572 Vestro

222 2611 414 2692 Patmcirfio,
430 2614 588 2678 intactum
604 2622 732 2678 mancat
748 2622 780 2678 et
795 2616 1033 2678 intemeratum.
1068 2613 1165 2696 Apud
1180 2618 1324 2696 posteros

222 2715 256 2777 in
271 2715 416 2780 Ecclesia
431 2719 492 2782 hac
506 2719 591 2782 tanti
606 2719 688 2796 Viri,
704 2740 746 2781 aa
761 2739 837 2781 cara
852 2720 913 2781 erit
928 2720 1034 2800 aliqua
1049 2718 1210 2780 nescimus.
1232 2715 1326 2778 Jtttas

98 2832 104 2841 ’
222 2825 305 2881 certe
324 2821 453 2900 scrpta,
479 2821 551 2882 dnm
574 2827 664 2884 erant
686 2823 832 2898 homines,
848 2843 909 2884 non
924 2822 1064 2884 desinent
1078 2821 1190 2884 mereri
1212 2826 1248 2883 at
1261 2820 1326 2882 sint

223 2922 329 3003 aliqua
340 2920 363 2984 ¹¹.
409 2924 480 2986 Nos
496 2923 628 2987 interim
643 2924 703 2987 hoc
719 2924 833 2987 Officio
848 2924 952 2987 functi
966 2924 1000 2987 id
1015 2924 1149 3007 egimus,
1166 2930 1324 3007 quantum

221 3024 256 3087 in
271 3024 364 3088 nobis
378 3032 436 3104 est,
452 3033 490 3089 ut
504 3026 591 3089 inter
607 3027 717 3090 doctos
732 3026 862 3091 viveret.
897 3027 989 3090 Faxit
1005 3028 1105 3107 Deus,
1120 3034 1158 3090 ut
1172 3026 1324 3108 Episcopi

222 3127 364 3191 moribus
381 3127 599 3212 doctrinaque,
620 3130 646 3192 si
672 3151 739 3193 non
763 3151 864 3213 pares,
886 3130 1005 3194 similes
1028 3137 1149 3208 tamen,
1173 3129 1323 3212 deinceps

221 3230 312 3292 oneri
342 3230 514 3293 succedant
543 3231 742 3314 Episcopali3
775 3233 823 3295 Ut
851 3232 927 3296 inde
956 3254 1019 3315 pax
1048 3231 1206 3310 Ecclesia,
1238 3231 1323 3295 salus

220 3332 416 3413 Reipublicae,
432 3333 517 3397 bona
530 3355 745 3418 prosperaque
765 3334 874 3399 omnia
890 3336 1058 3418 Majestati
1079 3336 1196 3398 Vestra
1211 3354 1323 3397 cumu-

220 3435 375 3499 latissime
390 3436 550 3500 eveniant.

481 3573 700 3637 Serenissimae
716 3574 899 3659 Majestatis
914 3575 1041 3639 Vestrae

584 3709 756 3772 humillimi
768 3711 866 3773 simul
880 3717 913 3773 et
929 3709 1167 3788 devinctissimi,

709 3846 838 3909 Subditi
855 3847 1017 3930 Servique,

790 3986 894 4048 Gon:
919 3986 1077 4049 Lonnou:
1107 3985 1240 4069 [Laud]

766 4094 772 4106 ¹
793 4124 854 4186 Jo:
879 4124 1020 4186 Enrnns:
1051 4097 1294 4208 [Buckeridge]

248 4310 308 4390 Ὗ
316 4313 424 4364 Posteris
440 4329 473 4365 an
489 4316 574 4379 aliqua
590 4331 648 4367 cura
664 4318 745 4366 nostri
789 4317 1013 4381 aliqua.’']—-Plin.
1022 4318 1066 4367 lib.
1077 4318 1111 4368 ix.
1136 4318 1319 4384 Ep.1t.[tom

216 4393 313 4438 nescim
342 4388 388 4429 nos
409 4385 477 4431 certe
498 4395 631 4443 meremur,
657 4386 686 4431 ut
711 4382 745 4431 sit
788 4383 815 4433 ii.
827 4398 851 4446 p.
865 4386 903 4432 50.
916 4383 983 4432 Edit.
999 4383 1116 4446 Bipont.]
