2970 4914
491 316 494 322 ,
573 271 666 318 rnrm
689 271 845 318 nonium.
1194 255 1262 318 20⁷·

161 430 336 509 dationem,
353 434 464 492 manet
479 434 620 511 potestas
636 428 676 491 ad
692 434 801 490 actum
816 425 939 490 ordinis
948 449 957 501 3
981 426 1074 508 eujus
1094 425 1263 507 potestatis

160 555 238 595 usus
254 531 417 614 prohiberi
431 537 546 612 potest,
558 535 698 612 potestas
712 529 782 612 ipsa
795 529 866 592 tolli
881 550 947 592 non
961 533 1078 611 potest.

167 682 168 686 ,
209 635 274 698 Sed
304 633 516 698 suboriuntur
547 632 601 696 hie
626 632 687 695 tibi
712 631 862 714 scrupuli.
909 631 1085 712 Scrupulus
1120 631 1262 712 primus;
1373 714 1375 722 .

161 738 248 820 quod
270 739 377 800 Omnis
397 737 573 818 Episcopus
592 737 635 798 sit
657 735 847 817 Presbyter:
871 754 945 797 vere
966 732 1001 796 id
1024 733 1153 816 quidem
1175 740 1208 797 et
1230 735 1264 796 in

162 840 316 904 confesso.
362 841 408 904 At
423 840 594 920 Presbyter
608 839 725 922 inquis,
741 859 802 901 αοα
823 843 869 901 est
883 839 1053 900 Maeones.
1098 837 1196 919 Apud
1209 858 1265 900 vos

161 942 244 1006 forte
270 964 338 1007 non
367 949 425 1020 est,
455 941 581 1005 novella
606 940 822 1004 institutione.
867 940 913 1003 At
943 939 1029 1022 apud
1058 940 1265 1002 reamandum

160 1045 249 1108 illem
268 1047 377 1128 (quam
392 1045 483 1126 dieis)
502 1045 720 1125 antiquitatem
734 1049 802 1106 est:
821 1043 900 1125 quin
914 1042 1090 1125 Episcopus
1103 1041 1183 1105 adeo
1197 1042 1266 1124 ipse

162 1147 327 1211 Diaconus
343 1154 401 1211 est.
448 1148 536 1229 Lege
552 1146 637 1228 apud
653 1146 932 1229 Chrysostomum,
952 1142 1019 1206 Kal
1038 1141 1181 1211 διάκονος
1197 1142 1265 1207 ἐπί-

161 1275 285 1319 σκοπος
305 1248 443 1331 ἐλέγετο,
476 1246 553 1332 [καὶ.
576 1249 663 1332 Seu]
694 1244 751 1311 διὰ
775 1249 870 1311 τοῦτο
895 1244 1029 1333 «γράφων
1051 1248 1096 1332 τῷ
1121 1244 1265 1328 Τιμοθέῳ

161 1351 261 1434 ἔλεγε·
287 1351 346 1433 τὴν
370 1351 533 1417 διακονίαν
557 1376 618 1415 σου
639 1348 903 1438 πληροφόρησον,
927 1347 1097 1436 §praeterqu
1115 1348 1192 1413 ὅντα
1209 1395 1217 1414 .
1234 1395 1266 1412 ..

160 1453 231 1527 ὅθεν
260 1455 315 1520 καὶ
344 1457 399 1520 νῦν
428 1453 550 1519 πολλοὶ
575 1452 750 1518 ἐπίσκοποι
781 1452 955 1540 «γράφουσι,
984 1449 1266 1540 συμπρεσβυτέρῳ

162 1557 216 1622 καὶ
232 1557 430 1645 συνδιακόνῳ
441 1558 464 1622 k.

206 1663 293 1745 Lege
316 1662 400 1744 apud
417 1661 626 1725 Ambrosium
641 1661 677 1724 in
690 1661 732 1724 iv.
749 1661 789 1724 ad
804 1661 922 1743 Ephes.
928 1686 938 1739 3
962 1660 1048 1723 Nam
1061 1661 1095 1723 in
1109 1661 1266 1741 Episcopo

162 1785 264 1827 omues
279 1765 403 1827 ordines
417 1770 489 1827 suat
498 1791 509 1837 ;
532 1765 606 1845 quia
621 1765 747 1844 primic
760 1765 906 1834 sacerdos
925 1770 981 1841 est,
1004 1764 1041 1825 id
1067 1764 1148 1847 [troc.
1164 1763 1260 1845 Ben]

162 1873 209 1929 est
226 1869 375 1948 princeps
394 1868 597 1930 -sueerdotem
605 1865 622 1929 ¹.
675 1867 720 1929 Et
740 1866 781 1929 ud
802 1870 818 1928 1
842 1866 988 1930 Corinth.
1004 1866 1079 1944 xii,
1121 1866 1267 1938 Quemvis

162 1969 225 2032 sict
246 1976 277 2032 et
291 1970 436 2051 Apostoli
451 1971 625 2051 Propheta,
643 1970 718 2050 quia
731 1969 856 2050 primm
876 1970 997 2051 predic
1012 1970 1115 2031 omnia
1129 1970 1266 2050 subjectu

163 2074 293 2136 tabere.
353 2074 475 2138 Merito
507 2075 607 2157 igitur
636 2072 740 2136 infero
776 2073 995 2136 contrarium:
1035 2073 1171 2138 ‘Quum
1199 2093 1267 2134 non

164 2175 226 2240 alio
241 2198 359 2259 genere
375 2177 567 2241 discriminis
575 2177 712 2271 'differat
728 2176 905 2260 Episcopus
921 2196 940 2238 a
954 2174 1156 2258 Presbytero,
1170 2197 1267 2258 quam

163 2278 337 2362 Presbyter
352 2303 372 2343 a
386 2280 541 2358 Diacon0,
558 2279 731 2362 Presbyter
749 2285 858 2341 autem
878 2277 990 2341 ordine
1006 2299 1025 2338 a
1039 2278 1183 2340 Diacono
1206 2277 1266 2339 dif-

163 2379 255 2458 ferat,
271 2381 398 2445 videtur
413 2389 676 2459 consentaneum,
697 2381 892 2464 Episcopum
911 2403 930 2445 a
945 2381 1139 2465 Presbytero
1153 2380 1266 2444 ordine

165 2482 313 2546 differre!
360 2485 542 2548 Consensui
563 2484 693 2568 quidem
708 2484 923 2566 Antiquitatis
937 2491 1190 2548 consentaneum
1205 2485 1266 2548 hoc

165 2606 290 2667 semper
310 2593 358 2649 est
374 2587 486 2650 visum.
533 2589 614 2651 Haec
636 2593 670 2650 te
691 2587 811 2670 fugisse
833 2587 950 2650 miror:
974 2587 1086 2670 religio
1108 2587 1196 2649 enim
1217 2593 1266 2650 est

166 2687 319 2769 suspicari
339 2689 452 2770 ignota
472 2688 533 2752 tibi
554 2689 717 2766 hacetum
740 2688 839 2752 cuivis
861 2688 963 2751 obvia.
1011 2689 1074 2751 Sed
1092 2688 1206 2752 fefellit
1232 2697 1266 2751 te

167 2790 364 2854 Diaconatus
387 2798 501 2868 vester,
527 2791 590 2854 toti
620 2791 700 2854 adeo
722 2791 922 2874 Antiquitati
944 2790 1137 2874 incognitus,
1165 2792 1267 2856 audeo

167 2893 289 2970 dicere3
313 2892 370 2956 ubi
384 2914 458 2976 pars
475 2894 562 2958 Cleri
577 2915 702 2977 semper
717 2893 822 2976 quiin
837 2893 1028 2957 Diaconatu.

213 2995 388 3077 Scrupulus
405 2995 574 3059 secundus.
620 2996 776 3060 Ordinem
800 3016 868 3058 csse
890 3001 1083 3077 potestatem
1106 2997 1146 3059 ad
1162 3002 1269 3059 actum

168 3097 347 3179 specialem,
363 3117 430 3161 non
446 3119 464 3160 a
478 3119 531 3161 me
546 3098 627 3162 dioc.
659 3098 776 3162 Schola
790 3097 851 3161 hoc
867 3096 944 3160 dicit
958 3104 1028 3162 tota
1035 3123 1045 3175 ;
1062 3099 1206 3162 definitio
1222 3105 1270 3161 est

169 3199 299 3261 Ordinis
313 3199 349 3261 in
367 3198 490 3262 Soholis
505 3207 651 3282 receptat
681 3205 719 3262 tu
733 3220 877 3282 suggere,
895 3199 922 3262 si
937 3199 1032 3262 aliam
1046 3200 1164 3264 habes:
1195 3223 1272 3264 nam

169 3320 221 3363 me
241 3300 337 3363 aliam
358 3300 483 3382 uspiam
505 3301 620 3381 legisse
641 3321 709 3363 non
730 3300 873 3364 memini.
920 3302 985 3364 Hie
1005 3301 1065 3365 tibi
1087 3303 1273 3385 scrupulum

169 3403 333 3484 ingerunt,
345 3424 423 3484 quos
439 3407 531 3464 estro
547 3403 688 3481 ordinem
703 3401 782 3465 dicis
797 3403 945 3483 dempsit,
961 3404 1006 3464 ad
1018 3405 1155 3466 actiones
1170 3411 1273 3468 certus

163 3504 373 3584 percpeadas.
419 3503 544 3565 Exime.
591 3503 656 3568 Qui
678 3503 775 3578 enim,
791 3510 881 3566 extra
900 3504 1055 3583 ordinem,
1072 3506 1271 3588 delegantur,

171 3605 248 3689 quid
269 3606 332 3668 illis
354 3627 429 3668 eum
445 3605 557 3668 ordine
570 3605 584 3667 i
629 3605 777 3668 Postulat
791 3605 853 3668 hoc
867 3607 918 3668 vel
931 3628 992 3670 vox
1006 3607 1076 3690 ipsa
1090 3608 1219 3687 ordinis,
1231 3611 1274 3672 'ut

172 3707 212 3771 de
227 3708 391 3772 ordinaria
406 3713 563 3792 potestate
578 3707 788 3788 intelligatur.

217 3811 394 3895 Scrupulus
421 3810 558 3873 tertius:
593 3809 855 3890 Arebiepiscopus
891 3811 983 3874 babet
1012 3819 1201 3892 potestatem
1232 3815 1276 3876 od

173 3920 276 3977 ectum
289 3915 465 3995 specialem.
501 3912 631 3978 Quem?
648 3912 836 3975 convocandi
845 3913 1014 3993 Syaodum.
1044 3914 1171 3979 Eximo.
1195 3915 1274 3994 an
1314 4007 1317 4011 .
1354 4006 1358 4014 .

205 4064 217 4096 ¹¹
233 4064 318 4114 Etiam
329 4068 356 4113 et
370 4064 508 4127 Episcopus
520 4063 646 4113 Diaconos
662 4077 703 4113 vo·
746 4063 814 4127 -[S.
825 4063 951 4126 Chrysost.
969 4063 1045 4114 Honu
1055 4064 1076 4115 1.
1094 4066 1123 4115 in
1134 4066 1200 4116 Phil.
1217 4068 1272 4130 Op..

174 4129 284 4178 sabatur.
309 4127 383 4178 Unde
395 4132 440 4188 est,
453 4127 564 4190 quodad
577 4127 703 4177 'Pimothe
747 4130 808 4176 tom.
820 4128 853 4176 ir.
866 4142 891 4190 p.
904 4130 926 4178 ὅ.
941 4128 986 4177 lin.
999 4130 1054 4179 4L:
1072 4134 1098 4179 et
1109 4145 1133 4194 p.
1143 4135 1164 4181 6.
1176 4132 1223 4180 lin.
1234 4132 1271 4195 s]

173 4208 218 4242 um
235 4192 346 4242 scribens
355 4208 362 4252 ;
379 4192 455 4251 dixit,
464 4191 544 4240 Euam
555 4190 703 4240 Diaconiam
779 4189 787 4221 ¹
803 4191 937 4254 [S.Ambr.
947 4192 1272 4258 (scupotiusHilar.Diac.)

175 4257 237 4319 (sive
248 4256 428 4317 ministerium)
439 4256 532 4317 imple:
549 4269 606 4304 cum
618 4258 704 4304 tamen
747 4255 776 4303 in
784 4254 848 4317 Eph.
856 4257 889 4304 iv.
901 4256 969 4318 apud
979 4256 1003 4305 S.
1011 4257 1100 4307 Ambr.
1113 4259 1169 4322 Op,
1178 4261 1273 4309 tomii.

174 4321 218 4369 ille
229 4325 294 4369 esset
310 4319 456 4382 Episcopus
494 4319 568 4368 Unde
586 4323 612 4367 et
630 4318 704 4378 illud,
747 4319 793 4367 col.
804 4320 859 4368 241.
871 4319 917 4381 D.]

175 4384 242 4446 quod
264 4383 389 4445 hodieque
417 4383 493 4431 multi
522 4383 640 4446 Episcopi
667 4383 704 4432 ita
779 4390 796 4412 ¹²¹
814 4382 896 4494 {dem
914 4384 942 4432 in
963 4387 975 4432 1
996 4384 1050 4435 Oor.
1067 4387 1126 4444 xii,
1143 4387 1207 4436 ibid.
1227 4389 1273 4438 col.

176 4445 701 4510 scribunt,Spmpresbptero,Syrdiucono.
748 4447 801 4496 153.
836 4446 855 4517 .]

1382 4376 1459 4634 t
