2970 4914
518 1088 612 1152 Psru.
636 1103 738 1153 cxnrv.
763 1089 847 1153 Vns.
870 1105 901 1153 x.

174 1309 245 1389 Ipse
260 1314 307 1371 est
322 1309 375 1389 qui
390 1309 446 1371 dat
460 1311 592 1372 sulutem
606 1310 762 1391 Regibus.-
787 1311 840 1392 qui
855 1311 936 1374 eruit
951 1311 1104 1375 Davidem
1123 1314 1251 1376 Servum

505 1433 594 1475 suum
610 1414 647 1475 de
657 1413 766 1495 gladio
781 1414 927 1496 malique.

203 1626 333 1691 Annnu
354 1648 447 1691 versu
460 1628 522 1692 hoc
537 1649 633 1711 quem
647 1628 788 1708 recitavi,
804 1628 857 1692 vix
872 1627 1039 1712 quisquam
1054 1636 1112 1710 est,
1129 1630 1185 1714 qui
1199 1651 1266 1694 non

161 1729 314 1810 advertat,
330 1753 414 1810 eum,
431 1739 464 1795 et
477 1733 628 1796 instituto
649 1733 726 1796 huie
742 1740 864 1812 nostro,
881 1741 914 1797 et
928 1733 1066 1816 tempori
1086 1735 1265 1798 convenire.

161 1835 310 1916 Tempori
318 1860 328 1913 ;
349 1835 389 1899 de
400 1837 534 1918 Regibus
545 1837 633 1900 enim
647 1837 701 1900 hie
715 1837 847 1916 mentio,
858 1838 898 1900 de
913 1839 1014 1900 salute
1022 1838 1159 1920 Regibus
1174 1839 1265 1910 datu,-

161 1937 201 2000 de
223 1960 298 2016 unc,
325 1960 391 2022 pree
415 1939 555 2022 reliquis,
572 1941 666 2023 Repe,
694 1940 817 2004 Davide
836 1940 1038 2024 periclitante
1065 1947 1098 2003 et
1121 1947 1265 2014 servato;

161 2063 180 2104 a
191 2043 309 2123 gladio,
325 2043 525 2126 periclitante
541 2050 574 2108 et
588 2049 732 2107 senato:
756 2045 911 2127 Apposite
926 2065 1001 2108 vero
1016 2044 1134 2108 omnia.

204 2146 288 2234 Eece
306 2147 393 2208 enim
407 2148 517 2229 Reges,
535 2148 642 2229 Reges,
659 2147 774 2232 quibus
797 2149 886 2211 Deus
906 2150 1038 2211 salutem
1053 2149 1159 2222 dedis
1182 2151 1234 2212 sul
1253 2187 1267 2200 -

162 2254 222 2310 tem
242 2249 338 2327 dedit,
355 2256 386 2312 et
406 2251 537 2312 sulutem
560 2252 617 2313 dat
628 2277 638 2324 ;
661 2252 793 2313 salutem
817 2252 882 2330 dat,
905 2251 1032 2333 detque,
1048 2250 1146 2313 etiam
1170 2258 1266 2334 atque

162 2351 270 2430 etiam,
286 2336 417 2414 §alutem
430 2353 577 2432 multem,
589 2353 625 2414 in
641 2374 740 2416 annos
754 2353 884 2416 multos.
922 2354 1006 2416 Ecce
1022 2359 1139 2431 autem,
1151 2354 1266 2435 Regem

162 2461 309 2516 nostrum
323 2476 444 2518 servum
452 2457 544 2538 Ejus,
556 2477 661 2539 quem,
672 2455 723 2518 die
738 2455 799 2518 hoc
815 2461 889 2518 ante
905 2455 1090 2518 sexennium
1102 2457 1180 2538 jam,
1194 2456 1267 2538 (hoc

160 2558 229 2639 ipso
243 2559 376 2641 inquam
390 2559 452 2642 die)
474 2561 557 2622 eruit
578 2560 677 2638 Deus,
693 2558 827 2622 mirifice
847 2559 929 2621 eruit
949 2580 969 2620 a
986 2559 1095 2640 gladio
1117 2560 1265 2641 malique.

162 2661 365 2724 Conveniunt
380 2670 484 2726 certe:
509 2662 604 2726 simul
619 2662 697 2724 dum
712 2668 880 2726 contextus
894 2661 991 2725 verba
1006 2661 1163 2740 eudimus,
1177 2661 1267 2744 qnasi

162 2767 428 2829 commentarium
443 2769 511 2850 ejus
525 2767 682 2830 habemus
699 2772 774 2830 ante
789 2766 906 2829 oculos.

205 2869 301 2934 Quod
314 2891 389 2932 vero
411 2870 452 2932 ad
465 2870 653 2932 institutum
667 2876 815 2933 nostrum
829 2894 835 2932 :
860 2868 1055 2952 Frequentia
1069 2867 1148 2947 haec,
1165 2875 1198 2931 et
1213 2867 1266 2932 hic

160 2977 278 3050 noster,
299 2994 366 3035 non
392 2973 486 3036 modo
509 2973 652 3051 celebris,
673 2973 730 3036 sed
753 2973 852 3037 etiam
876 2993 965 3035 sacer
988 2979 1171 3050 conventus,
1188 2973 1266 3055 qnid

161 3076 302 3154 molitur,
319 3077 397 3159 qnid
419 3077 507 3160 agit?
554 3076 642 3143 Quid
660 3076 756 3156 eiiud,
776 3098 882 3159 quam,
898 3084 935 3140 ut
953 3077 1023 3140 Deo
1042 3076 1160 3159 gratias
1178 3085 1262 3159 egat,

161 3178 201 3241 de
215 3181 316 3241 salute
329 3180 409 3262 Regi
426 3180 590 3262 praestita?
637 3180 724 3246 Quid
742 3201 816 3244 vero
831 3180 953 3243 Versus
974 3179 1027 3242 hic
1049 3178 1136 3242 aliud
1158 3187 1261 3258 sonat,

162 3303 258 3363 quem
273 3283 343 3345 Deo
358 3283 476 3365 gratias
490 3283 613 3361 itidem,
630 3283 669 3346 de
683 3285 784 3346 salute
798 3283 915 3347 Davidi
922 3284 1095 3364 prestita?

205 3385 409 3450 Praecedente
427 3386 514 3449 enim
528 3387 645 3464 Versu,
662 3386 795 3470 arripuit
815 3387 982 3450 Citharam
1000 3387 1132 3463 Pseltes,
1148 3407 1261 3451 nervos

162 3488 290 3571 aptavit,
314 3489 475 3553 canticum
496 3489 656 3572 pollicitus
680 3496 738 3568 est,
757 3489 918 3552 canticum
940 3510 1069 3552 novum.
1113 3489 1166 3551 En
1187 3510 1262 3553 vero

161 3591 236 3656 novi
246 3593 342 3676 hujus
356 3593 472 3656 cantici
484 3593 722 3676 Argumentum
733 3592 769 3654 in
779 3592 886 3656 Versu
901 3593 960 3655 hoc
970 3619 979 3670 3
1002 3599 1109 3655 toturn
1123 3591 1159 3653 in
1169 3613 1261 3655 versu

161 3696 232 3775 hoc,
252 3697 425 3779 (proximus
443 3697 530 3760 enim
544 3697 665 3760 Versus
690 3695 791 3760 oratio
814 3702 871 3774 est,
888 3717 947 3759 nec
971 3695 1141 3778 quicquam
1162 3695 1261 3759 habet

161 3799 278 3862 cantici
299 3799 407 3882 inse.)
455 3800 694 3883 Argumentum
716 3820 791 3864 vero
814 3799 876 3863 hoc
902 3799 1076 3882 gratiarum
1101 3799 1203 3862 actio:
1227 3806 1260 3863 et

161 3903 345 3984 gratiarum,
358 3904 397 3967 de
408 3903 564 3968 beneficio
578 3926 645 3968 non
659 3903 731 3982 atio,
747 3904 819 3987 (etsi
828 3911 919 3967 erant
933 3903 1036 3965 multa
1051 3902 1122 3985 alia)
1138 3910 1258 3981 tamen,
1296 3979 1299 3985 ,

160 4004 201 4068 de
216 4004 370 4069 beneficio
390 4028 456 4069 non
478 4006 550 4086 alio,
567 4029 663 4090 quam
677 4008 772 4089 Regis
789 4006 966 4071 incolumis.
1013 4005 1109 4072 Quod
1126 4006 1258 4084 scilicet,

161 4116 302 4172 servator
325 4110 461 4193 Regum,
476 4109 511 4172 id
532 4118 590 4190 est,
606 4112 695 4174 Deus
715 4111 794 4194 (haee
817 4131 956 4193 nemque
979 4109 1043 4174 Dei
1062 4109 1259 4192 Periphrasis

163 4218 222 4288 est,
242 4213 302 4284 Qui
317 4213 374 4275 dat
387 4215 518 4276 salutem
533 4214 668 4296 Regibus
678 4213 701 4296 ε)
727 4214 811 4296 quod
825 4215 944 4296 Regum
960 4219 1101 4276 seruator
1114 4213 1178 4291 hic,
1193 4233 1259 4276 ser·

161 4321 263 4377 resset
280 4336 367 4377 suum
390 4316 504 4393 David,
523 4316 564 4380 ab
585 4316 705 4399 insigni
726 4315 831 4399 aliquo
853 4316 1053 4379 discrimine:
1077 4315 1260 4381 discrimine

162 4426 270 4482 autem
285 4442 350 4483 non
366 4421 436 4498 alio,
454 4443 549 4503 quam
561 4422 663 4503 gladii
677 4421 814 4503 maligui,
830 4421 864 4484 id
879 4427 936 4498 est,
952 4421 1128 4504 proditorii.
