2970 4914
201 255 247 318 86
551 270 670 321 cosmo
691 270 812 320 mrim
834 271 966 335 amira,

201 426 269 491 viro
284 448 341 491 suo
356 426 472 491 mulier
485 426 569 491 talis.
615 427 716 495 Quasi
731 448 827 511 snper
841 428 903 492 Dei
918 428 1008 491 Dooo
1026 426 1190 491 laetabitur
1205 448 1300 511 snper

64 560 68 565 ·
200 531 268 595 tali.
313 532 432 595 Domus
452 531 541 595 enim
562 539 594 596 et
613 532 742 595 Divitia
763 531 992 614 aparentibus,
1008 553 1028 594 o
1042 532 1176 594 Domino
1198 537 1301 595 uatem

195 636 336 717 proprie,
360 636 405 716 (et
426 641 537 699 notate
558 635 639 700 illud
655 636 798 718 proprie)
828 657 847 698 a
873 635 1007 698 Doorioo
1020 636 1152 716 proprie
1178 637 1301 718 Sponsa

202 739 310 802 talou
356 738 464 805 Quare
476 739 626 820 pandebit
641 740 780 820 Sportela
795 739 970 820 desponsa
984 756 1052 800 roo.

247 842 312 907 Sed
324 864 407 907 anne
417 843 457 908 de
467 845 589 925 Sponsa
601 842 669 906 sola
680 841 833 926 gaudium
841 842 926 906 hoc?
956 842 1035 906 Non
1046 847 1150 905 certe:
1174 839 1301 905 elecct-

202 951 349 1016 πείτλος(1
363 954 422 1027 est,
438 948 554 1028 Sarma
567 944 677 1024 habet,
693 966 865 1027 secumque
891 949 1010 1027 etpost
1025 964 1059 1008 se
1073 943 1174 1007 trahit
1190 944 1301 1026 poadie'

201 1050 400 1135 multiplicia.
445 1050 558 1115 Trahit
569 1071 688 1128 secum,
704 1069 801 1132 quem
814 1047 913 1115 habet
930 1049 1059 1111 Patrem
1074 1047 1188 1129 Repeto
1203 1048 1301 1110 Moo-

201 1154 313 1217 imam:
328 1154 471 1218 Matrem
482 1153 580 1217 etiam
592 1153 745 1235 Reginam
758 1151 993 1215 Leotmaimom:
1011 1151 1098 1215 Item
1108 1151 1300 1232 Principem,

202 1256 288 1321 bono
302 1257 388 1321 orbis
404 1257 581 1321 Christiani
595 1263 727 1321 natum:
751 1256 860 1338 Atque
876 1275 988 1318 omnes
1003 1254 1062 1317 hos
1078 1254 1169 1338 quasi
1181 1256 1301 1337 Sporreo
1401 1283 1404 1286 ’

203 1362 386 1446 desponsat.
432 1361 555 1425 Omnes
570 1360 640 1440 hos,
665 1367 762 1444 atque
777 1380 888 1424 omnes
909 1360 980 1423 illos
995 1359 1050 1441 qui
1063 1359 1115 1422 vel
1137 1361 1302 1444 sanguinis

202 1465 253 1528 his
264 1466 347 1549 jure,
359 1465 409 1528 vel
425 1464 590 1529 affinitatis
604 1463 769 1548 conjuncti
785 1471 871 1528 aunt.
919 1463 1073 1527 Gaudebit
1084 1470 1117 1526 et
1132 1465 1300 1547 superbis.

203 1567 300 1631 Libet
320 1574 428 1631 autem
448 1568 550 1632 hicet
564 1589 639 1632 cum
654 1567 783 1632 Davide
804 1587 962 1650 quaerere:
986 1567 1070 1630 Nom
1086 1588 1203 1648 porros
1216 1568 1303 1631 cobis

201 1673 334 1751 videtur,
350 1673 501 1735 Geoeram
515 1692 580 1735 esse
594 1672 691 1754 Rapis
704 1673 739 1735 ¹?
787 1671 939 1735 Generum
961 1678 1070 1735 autem
1086 1672 1122 1734 in
1136 1672 1221 1736 Filio
1234 1693 1302 1736 non

202 1796 269 1838 una
283 1795 322 1839 ex
336 1775 457 1854 multis,
474 1774 531 1838 sed
546 1775 590 1838 sic
605 1796 681 1854 una,
697 1779 735 1838 ut
750 1780 783 1839 et
796 1774 902 1837 unica.

246 1881 292 1944 At
307 1881 399 1965 cujus
415 1880 536 1964 Regis?
583 1879 671 1946 Quid
689 1879 788 1943 facias
806 1878 928 1942 infelici
948 1878 1024 1942 huic
1045 1879 1171 1958 saecu10,
1187 1879 1223 1943 in
1239 1900 1301 1963 quo

201 1983 315 2047 virtuti
339 1984 563 2048 testimonium
585 1984 678 2063 ferre,
702 1982 737 2046 id
761 1984 840 2067 jam,
868 1983 998 2062 scilicet,
1023 1985 1149 2047 odelmi
1174 1984 1300 2048 dicitur.

203 2087 317 2151 Dicam
332 2095 452 2166 tamen,
463 2108 523 2151 nec
537 2087 697 2172 preconio
712 2086 821 2151 debito
832 2085 986 2149 virtutem
996 2094 1122 2151 tantam
1134 2088 1300 2170 fraudabo,

202 2191 374 2274 ringantur
399 2191 475 2254 licet
501 2197 534 2254 et
559 2196 761 2274 rumpantur,
783 2189 838 2272 qui
855 2189 919 2267 Illi,
936 2189 991 2272 qui
1012 2191 1184 2256 virtutibus
1208 2192 1302 2256 Illius

202 2296 286 2360 male
315 2296 438 2360 volunt.
486 2296 542 2379 (1.)
566 2295 616 2359 Ac
636 2293 671 2357 id
691 2294 796 2378 primo
817 2315 945 2377 ponam,
970 2295 1056 2378 quod
1080 2303 1170 2360 extra
1198 2297 1302 2360 aleam

203 2421 333 2463 omnem
357 2406 406 2464 est
433 2397 665 2463 controversiae
711 2397 816 2480 Regia,
840 2398 931 2481 cujus
961 2397 1039 2462 dum
1066 2399 1167 2462 Gener
1191 2400 1239 2477 fit,
1266 2400 1302 2465 in

202 2503 357 2567 familiam
387 2524 421 2566 se
456 2501 569 2566 inserit
604 2501 689 2566 inter
725 2500 827 2565 totius
863 2501 1000 2584 Europae
1023 2501 1160 2567 familias
1185 2503 1303 2585 Regios

208 2607 356 2688 (fidenter
374 2606 457 2689 dieo)
483 2605 740 2689 antiquissimam
763 2605 859 2688 longe
879 2604 1038 2688 longeque
1055 2605 1300 2670 nobilissimam.

203 2708 290 2773 Nam
307 2709 351 2786 id,
367 2709 472 2787 credo,
482 2729 578 2773 nemo
593 2707 673 2772 mihi
683 2707 857 2791 negaverit,
871 2707 957 2790 quod
972 2709 1079 2792 posuit
1090 2709 1179 2774 Deus
1187 2710 1302 2792 Regem

202 2819 351 2875 nostrum
378 2810 633 2895 Primogenitum
657 2831 763 2888 suum,
787 2831 825 2874 ao
846 2811 897 2876 vel
922 2811 1115 2878 eonomine
1141 2813 1301 2877 excelsum

203 2935 269 2999 prae
281 2914 424 2998 Regibus
438 2921 559 2979 terrae⁸.
599 2915 671 2979 Nec
683 2914 837 2996 Repioom
852 2913 904 2979 hio
918 2921 1019 2993 taceo,
1029 2936 1101 2999 quae
1111 2916 1207 2999 Rapis
1217 2916 1280 2979 Fil'

203 3017 309 3097 unius,
326 3017 458 3081 alterius
477 3017 607 3098 Ooojoa,
622 3016 711 3081 tertii
727 3016 834 3096 Soror,
851 3017 954 3100 quarti
971 3039 1097 3102 quoque
1111 3020 1229 3098 Mater,
1245 3018 1301 3083 sed

202 3141 273 3185 sero
288 3127 321 3185 et
344 3141 402 3184 suo
423 3127 567 3203 tempore
581 3120 700 3185 futura
748 3120 791 3184 In
812 3120 949 3205 hocjam
963 3121 1113 3206 Apostoli
1134 3120 1224 3209 χάρα
1246 3120 1302 3187 eal

202 3219 302 3304 δόξας
311 3222 473 3306 paediam,
488 3243 547 3286 nec
558 3221 593 3287 id
608 3222 721 3302 solum,
734 3223 790 3287 sed
805 3230 837 3287 et
845 3225 996 3306 goudium
1006 3233 1039 3289 et
1050 3227 1154 3308 plorio
1166 3247 1300 3291 summa.

205 3329 259 3411 (2.)
278 3327 427 3392 Secundo
441 3334 474 3394 et
488 3327 580 3406 illud,
597 3327 682 3412 quod
695 3348 762 3391 non
771 3327 1065 3412 minusliquidum;
1080 3330 1186 3412 Regis,
1203 3351 1222 3394 a
1236 3353 1300 3414 quo

201 3432 303 3495 discat
326 3433 482 3510 virtutem
507 3430 611 3494 discat
632 3436 665 3494 et
687 3431 872 3495 eruditionis
885 3431 1024 3497 laudem.
1070 3434 1212 3498 Nullane
1225 3455 1300 3499 vero

199 3536 235 3600 in
251 3538 341 3620 Rege
356 3535 546 3601 eruditionis
557 3534 652 3598 laus?
683 3535 827 3599 Nullane
842 3536 877 3598 in
893 3557 931 3600 ea
944 3557 1021 3600 voce
1035 3538 1094 3616 vis,
1106 3539 1298 3616 Erudimioi,

200 3645 253 3726 qui
259 3644 416 3725 judicatis
431 3643 592 3706 terramu?
606 3661 682 3705 voce
697 3640 738 3703 ad
749 3641 853 3724 Reges
865 3640 1093 3724 imprimis-vel
1106 3643 1213 3726 potius
1225 3650 1300 3708 ante

199 3747 329 3830 primos,
357 3753 533 3831 spectante.
578 3746 652 3809 Nec
677 3744 739 3808 erit
764 3744 825 3808 hoc
852 3744 907 3808 Illi
932 3745 968 3808 in
993 3745 1137 3810 minimis
1166 3747 1299 3823 laudum

200 3872 340 3929 suarum,
365 3849 480 3914 sedin
505 3869 601 3912 omne
626 3871 729 3912 aevum
755 3847 972 3927 memorabile,
999 3850 1086 3932 quod
1109 3851 1223 3934 lepitor
1237 3873 1300 3934 per

199 3950 302 4012 orbem
322 3957 488 4028 terrorum,
505 3956 538 4014 et
553 3950 595 4013 sit
610 3949 652 4014 Ei
667 3948 791 4014 celebre
808 3970 928 4013 nomen
950 3949 1036 4014 inter
1052 3952 1176 4016 Heroas
1191 3954 1299 4020 litera-

197 4053 270 4116 rios.
320 4053 434 4117 Gaude
453 4074 528 4117 vero
550 4053 614 4117 isto
633 4060 701 4117 tam
722 4052 892 4117 excellenti
913 4052 1009 4133 bono,
1031 4054 1102 4118 Reor
1118 4057 1246 4138 Mapoe,
1262 4078 1299 4121 ac

198 4156 304 4220 fruere
324 4176 398 4219 cum
421 4155 552 4221 fortuna
574 4163 607 4221 et
626 4156 738 4240 gloria
760 4161 831 4221 tum
857 4163 973 4222 natura
992 4164 1025 4222 et
1044 4159 1188 4224 moribus
1209 4160 1297 4225 Tuis

329 4351 340 4382 ¹²
373 4342 444 4391 Pron.
458 4343 504 4391 xix
524 4343 574 4408 14.]
900 4354 909 4377 ¹
932 4344 982 4410 [Ps.
994 4347 1094 4397 lxxxix.
1107 4348 1157 4412 27]

327 4416 338 4446 s
356 4407 366 4474 [
392 4408 433 4456 ide
446 4405 522 4484 Hom2
536 4409 566 4458 Il.
578 4409 611 4458 vi.
624 4409 691 4472 442]
900 4413 908 4440 ²
931 4415 943 4459 1
957 4411 1041 4462 Thess.
1053 4413 1079 4467 ii.
1092 4415 1131 4462 20.

328 4482 337 4505 ¹
356 4475 366 4520 l
382 4471 447 4522 Sam.
460 4487 531 4522 xvm.
542 4477 580 4523 23.
901 4483 913 4506 ¹
930 4475 970 4525 Pa.
981 4476 1008 4526 ii.
1022 4480 1061 4526 10.
