2970 4914
516 262 553 310 ru
573 262 720 312 mscrssu
741 262 900 313 russum.
1166 252 1169 258 '
1217 254 1260 319 89

160 417 230 482 vult
245 439 341 502 quam
355 418 544 499 Hierurcta,
559 419 714 484 reddatur
729 425 839 504 optata
853 421 928 484 Pac
943 424 976 485 et
996 419 1083 485 nitor
1104 419 1259 504 pristinus

161 521 242 586 Orbi
257 522 450 587 Christiano.

165 694 169 700 ,
207 626 350 689 Gaudere
373 626 503 709 quidem
524 647 637 690 omnes
651 632 776 691 certum
791 633 840 690 est
854 648 929 691 cum
945 627 1074 709 Spano,
1090 629 1260 713 superbae

162 728 292 810 Sponsa,
324 751 418 813 super
447 731 497 794 his
526 731 739 812 sponsalibus.
795 731 885 794 Nam
915 731 971 814 qui
1001 731 1105 795 alieno
1135 739 1211 795 sunt
1241 755 1261 796 a

162 833 329 916 Bcligione
344 834 462 912 animo,
474 835 633 900 facessant
649 856 682 899 se
696 835 785 900 hinc.
815 835 978 899 Nolumus
995 836 1096 898 iaetari
1112 836 1196 899 Gari
1210 836 1259 900 vel

160 936 320 1000 Ascalonb
328 965 341 1013 ‚·
367 939 440 1002 Nec
454 939 490 1001 in
501 939 620 1021 quadiu
635 945 741 1003 nostro
760 940 940 1003 miscebitur
954 941 1074 1003 alienus
1084 949 1104 1003 ⁰.
1148 940 1260 1023 Atque

160 1039 230 1103 haec
250 1040 332 1104 mihi
346 1040 386 1104 de
403 1041 518 1125 Sponsi
537 1041 691 1105 Gaudebit
709 1063 803 1125 super
819 1042 950 1125 Sponsa,
968 1043 1164 1127 Sponsaeque
1181 1045 1258 1128 Syr-

161 1150 256 1223 mate,
273 1143 360 1208 dicta
374 1152 481 1209 sunto.

203 1247 252 1311 ΙΙ.
275 1247 398 1312 Vultum
413 1269 487 1312 cum
500 1249 626 1314 homini
640 1249 747 1327 homo,
757 1250 808 1314 vel
823 1272 902 1334 gens
918 1250 1017 1333 genti,
1028 1255 1116 1314 terra
1130 1254 1260 1314 tantum
1273 1261 1296 1339 J.
1313 1260 1351 1311 De
1363 1260 1412 1312 Dei

160 1356 255 1414 terrae
277 1352 427 1416 sociatur.
471 1353 582 1438 Majus
604 1360 714 1418 autem
734 1354 788 1418 hic
810 1376 889 1438 opus
910 1359 1019 1418 movet
1036 1352 1206 1436 Propheta,
1222 1359 1260 1417 ut
1272 1331 1418 1453 fflff‘u

161 1462 194 1517 et
209 1455 298 1519 Deus
320 1455 451 1520 accedat
473 1456 566 1520 nobis
589 1456 630 1519 ad
651 1457 815 1539 gaudium,
832 1457 887 1540 qui
900 1463 1031 1521 vocatus
1048 1454 1161 1533 aderit,
1178 1456 1261 1519 etin
1273 1455 1345 1506 dium
1355 1470 1397 1532 ΡΘ·

162 1558 347 1623 societatem
366 1560 478 1641 ‚claudii
492 1560 589 1644 hujus
604 1582 672 1624 non
686 1560 849 1624 illibenter
862 1560 979 1625 veniet.
1024 1559 1088 1623 Illa
1103 1579 1173 1640 quae
1192 1559 1262 1644 jam
1273 1535 1387 1572 “em'‘

161 1661 236 1742 dixi,
248 1664 399 1745 caudium
414 1664 510 1729 modo
523 1670 599 1728 sunt
607 1690 617 1743 ;
634 1665 695 1729 hoc
706 1665 775 1749 jam
790 1685 904 1728 corona
915 1666 1028 1749 qaudii
1039 1663 1064 1726 l:
1087 1663 1134 1726 Et
1145 1666 1263 1746 caudet

160 1787 253 1848 mper
267 1773 297 1830 te
311 1768 398 1831 Deus
412 1775 494 1832 tuus.

204 1872 334 1954 Ergone
358 1871 399 1935 ad
421 1873 560 1954 Nuptias
581 1873 784 1937 interventus
802 1871 866 1936 Dei
888 1872 1029 1956 aliquis?
1075 1877 1205 1958 Ergone
1221 1872 1263 1936 ad

158 1978 308 2059 qaudium
322 1978 499 2059 Nuptiaie?
542 1978 597 2042 Ad
614 1977 754 2059 Nuptias
774 1977 879 2061 plane.
924 1977 1021 2042 Addo
1043 1980 1140 2058 euim,
1156 2001 1175 2042 a
1190 1979 1262 2042 Deo

161 2081 298 2163 Nuptis,
313 2087 351 2145 ut
365 2081 436 2165 ipsa
449 2104 508 2146 vox
525 2082 650 2145 Nubere
665 2081 787 2164 aliquid
800 2082 909 2146 trahat
925 2082 964 2146 de
980 2085 1141 2147 Nubibus:
1166 2089 1262 2167 atque

161 2191 199 2247 ut
223 2185 309 2249 vocis
333 2185 389 2263 vis,
416 2185 462 2249 sic
487 2192 604 2249 natura
623 2185 671 2249 rei
694 2185 733 2248 ad
761 2186 856 2248 nubes
878 2207 938 2250 nos
963 2188 1075 2251 statim
1095 2187 1261 2252 subvehat.

161 2289 241 2353 Non
255 2288 342 2353 enim
356 2289 526 2352 Naturalis
544 2289 599 2353 ille
623 2309 789 2352 cousensus
811 2289 998 2384 solum,'qui
1018 2291 1054 2354 in
1076 2293 1203 2373 nuptiis,
1225 2295 1262 2354 ut

161 2393 197 2456 in
210 2393 334 2477 reliquo
348 2393 563 2457 animantium
578 2413 716 2476 genere:
754 2394 833 2458 Non
852 2394 949 2459 Civile
956 2402 1088 2476 pactum
1102 2395 1208 2475 modo,
1224 2402 1263 2459 ut

162 2497 197 2560 in
221 2499 391 2578 Gentibus,
408 2519 480 2581 quae
500 2499 608 2562 Deum
628 2519 696 2561 non
713 2504 854 2562 norunt:
882 2499 944 2561 Dei
960 2522 1086 2584 quoque
1100 2501 1213 2563 Foedus
1227 2500 1264 2563 in

163 2602 273 2664 Sacris
287 2601 435 2666 diciture.
482 2600 571 2666 Scias
589 2607 699 2664 autem
715 2601 777 2664 Dei
791 2602 903 2665 Foedus
925 2623 994 2667 esse
1008 2604 1060 2667 vel
1073 2604 1160 2684 hinc,
1177 2600 1264 2688 quod

162 2705 249 2768 vides
272 2705 381 2768 omnia
402 2706 531 2787 Regum,
557 2704 666 2768 omnia
687 2705 820 2768 Naturae
843 2707 977 2786 uincula,
1002 2708 1181 2772 Vinculum
1202 2709 1264 2772 hoc

161 2808 397 2888 transcendere,
413 2829 488 2872 cum
504 2809 656 2889 Sponsam
675 2808 839 2888 tenellam,
855 2830 930 2872 cum
945 2810 1167 2874 Ebzabetham
1189 2833 1263 2875 uos-

161 2919 246 2975 tram
271 2912 359 2976 vides
388 2912 424 2975 in
453 2912 633 2996 propinquo
653 2913 723 2995 jam
745 2933 823 2992 esse,
848 2919 886 2976 ut
916 2913 1118 2998 derelinquat
1148 2915 1264 2997 Reyem

162 3017 301 3094 Patrem,
316 3016 470 3098 Reyiuum
484 3017 634 3094 Matrem,
650 3015 736 3099 apud
756 3037 835 3099 quos
855 3017 976 3100 optime
995 3017 1025 3082 ei
1045 3039 1170 3103 semper
1191 3018 1263 3097 fuit,

126 3197 130 3206 Ι
161 3119 243 3184 nihil
263 3141 408 3203 unquam
429 3119 531 3183 defuit
549 3119 589 3183 ab
612 3119 761 3199 infantia,
777 3126 825 3198 ut,
841 3120 904 3183 illis
921 3121 1093 3200 derelictis
1110 3129 1265 3206 sequatur

147 3227 251 3288 'trans
265 3245 354 3287 mare
368 3224 543 3301 hominem,
561 3243 656 3306 quem
678 3229 755 3287 ante
775 3223 847 3287 heri
868 3231 902 3288 et
922 3224 1158 3289 nudiustertius
1179 3248 1264 3290 nun-

161 3350 258 3410 quam
272 3327 352 3392 vidit
366 3327 402 3390 in
416 3327 492 3391 vita.
538 3327 603 3390 Hic
614 3328 683 3411 jam
698 3326 819 3410 aliquid
834 3327 874 3391 de
888 3328 1032 3391 Nubibus
1046 3336 1143 3393 certe.
1190 3330 1264 3394 Hoc

162 3432 273 3495 Foedus
287 3431 359 3496 Dei.
404 3432 512 3494 Deum
534 3437 643 3493 autem
664 3429 818 3494 interesse
838 3432 962 3494 Foederi
984 3452 1039 3494 suo
1062 3453 1121 3515 par
1144 3439 1203 3512 est,
1222 3454 1265 3497 ne

161 3537 218 3606 fiat
233 3536 302 3599 sine
317 3535 387 3600 Deo
402 3534 515 3596 Foedus
529 3533 602 3597 Dei.

205 3639 301 3703 Absit
326 3659 411 3715 vem,
438 3643 476 3700 ut
505 3637 620 3719 nuptia
649 3634 743 3700 nobis
768 3634 830 3698 nisi
853 3634 889 3698 in
912 3637 1072 3701 Dominus
1105 3637 1201 3716 absit,
1226 3644 1264 3702 ut

158 3744 320 3825 caudium,
336 3741 400 3804 nisi
413 3741 450 3804 in
463 3741 607 3806 Domino
622 3738 730 3803 etiam.
762 3738 872 3803 Nubat
888 3739 950 3823 (est
963 3740 1020 3803 ubi
1036 3740 1113 3804 dicit
1124 3742 1265 3824 Aposto-

161 3846 224 3930 lus)
244 3852 365 3908 tuutum
379 3847 414 3908 iu
429 3842 611 3910 Dominus:
656 3844 704 3905 Et
721 3843 861 3906 Gaudete
880 3844 914 3906 iu
932 3843 1066 3906 Domino
1082 3844 1162 3907 dixit
1177 3844 1264 3922 alibi,

165 3950 305 4012 Gaudete
319 3970 438 4030 semper
447 3959 470 4013 Β.
496 3951 551 4027 Et,
568 3947 596 4011 si
609 3967 721 4010 verum
736 3947 884 4010 volumus
899 3968 1025 4030 semper
1040 3947 1189 4030 gaudere,
1202 3949 1265 4011 nisi

161 4053 196 4116 in
211 4052 352 4117 Domino
366 4074 434 4117 non
449 4052 554 4116 datur.
592 4050 686 4115 Nihil
700 4050 800 4113 habet
812 4050 882 4114 haec
897 4071 981 4128 caro,
998 4050 1080 4114 nihil
1094 4051 1163 4116 haec
1178 4058 1265 4116 terra

162 4144 402 4241 sempiternum.
451 4155 554 4239 Atqui
576 4175 636 4219 nos
660 4152 825 4218 nonsatis
850 4154 1015 4237 auspicato
1036 4154 1125 4218 vobis
1143 4155 1265 4220 vovisse

303 4331 315 4364 l
334 4331 419 4396 [Gonf.
431 4333 446 4381 2
458 4331 525 4382 Sam.
536 4332 554 4382 i.
566 4331 621 4395 lt]
834 4329 931 4380 ‘Prou
943 4330 971 4380 ii.
984 4330 1024 4383 17.
1123 4364 1126 4369 -

305 4405 316 4430 ⁶
332 4397 405 4446 Prcv.
418 4397 469 4446 xiv.
483 4399 522 4446 10.
833 4393 842 4426 ¹
861 4394 888 4457 [1
902 4394 957 4445 Gor.
969 4396 1012 4445 vii.
1025 4397 1079 4461 39.]

304 4461 315 4492 ‘l
334 4463 362 4526 [1
376 4461 461 4513 Thess.
472 4462 499 4512 ii.
511 4460 562 4529 19.]
833 4469 845 4502 ³
864 4460 944 4524 [Phil.
956 4459 989 4511 iv.
1002 4460 1036 4527 4.]
