2970 4914
506 283 799 377 saturo-ruossrr,
820 272 919 336 1606.
1227 275 1266 339 71

170 437 211 522 (si
224 437 271 502 ita
285 440 373 524 opus)
390 442 504 525 corpus
519 446 733 525 opponerent:
772 441 918 506 Aberant
933 461 1055 506 omnes.
1101 439 1189 510 Quid
1202 443 1266 524 hio,

166 543 230 606 nisi
258 552 346 607 certa
373 544 483 608 mors?
528 546 649 608 Horret
678 551 765 608 certe
789 546 977 610 'meminisse
1007 546 1143 626 animus,
1171 568 1267 630 quam

165 667 263 731 prope
288 647 419 712 adactus
444 648 573 730 gladius
601 648 666 727 ille,
692 654 730 710 ut
759 648 911 732 frigidum
941 644 1076 713 senserit
1104 651 1267 715 mucronis

164 748 295 829 ferrum,
312 751 478 815 admotum
498 758 580 831 tum,
596 758 692 834 etque
711 751 790 815 adeo
811 752 986 834 impactum
1009 774 1098 818 suero
1121 753 1171 816 illi
1193 775 1267 837 pee-

164 852 236 943 tori.
288 853 376 920 Quid
409 853 564 937 (inquam)
598 854 663 917 nisi
693 861 781 918 certa
809 876 904 934 mors,
932 856 1041 938 plodio
1070 863 1138 920 tam
1167 878 1266 941 prope

164 956 303 1036 adjeto?
348 957 401 1022 Ibi
430 958 522 1020 illum
551 959 649 1036 Deus,
681 959 770 1022 Deus
801 961 854 1041 qui
883 961 1015 1023 satutem
1038 959 1264 1043 dotReqibas,

165 1060 301 1142 Repibas
322 1063 422 1125 servis
444 1064 519 1141 suis,
542 1062 589 1125 ibi
612 1062 711 1125 Illum
727 1063 816 1125 Deus
833 1063 948 1145 Regem
967 1083 1088 1126 servum
1109 1085 1206 1143 saum,
1230 1065 1266 1127 in

164 1163 269 1227 medio
298 1163 491 1243 discrimine,
524 1165 559 1227 in
584 1164 659 1246 ipsis
688 1165 800 1228 mortis
829 1165 984 1243 faucibus,
1018 1187 1037 1228 e
1066 1166 1173 1231 medio
1202 1166 1266 1230 dis·

162 1266 307 1346 crimine,
323 1288 362 1331 ex
375 1268 452 1351 ipsis
466 1268 578 1332 mortis
592 1267 737 1332 faucibus
752 1269 896 1348 asseruit,
909 1269 1073 1352 eruitque;
1097 1271 1186 1334 Deus
1201 1271 1267 1352 tyrse

168 1370 323 1454 (inquam)
342 1373 431 1434 ittam
445 1373 535 1434 eruit.

207 1474 342 1538 Inousso
362 1475 503 1558 primum
526 1482 657 1559 terrore,
681 1481 804 1538 armato
827 1471 884 1551 illi,
909 1474 965 1556 qui
988 1474 1029 1538 ad
1052 1475 1115 1539 hoe
1136 1481 1265 1538 tantum

164 1576 265 1640 scelus
296 1577 466 1657 aoeinetus,
496 1578 682 1657 instructus,
714 1576 892 1640 destinatus
927 1577 1042 1657 fuerat,
1072 1585 1110 1640 ut
1139 1584 1266 1642 tentare

163 1679 343 1764 quiequam,
374 1702 435 1745 nee
464 1703 569 1759 ausus,
599 1702 660 1744 nec
688 1687 803 1764 posset.
849 1678 945 1758 Dein,
969 1681 1031 1764 ipsi
1057 1681 1107 1744 illi
1132 1688 1265 1759 armato,

163 1791 295 1866 repente
320 1791 430 1849 mente
454 1785 501 1847 ita
525 1791 660 1862 mutata,
683 1791 721 1847 ut
744 1783 798 1846 hio
822 1783 877 1866 qui
897 1783 1086 1862 destinatus,
1102 1783 1188 1847 illius
1210 1784 1266 1867 qui

162 1887 339 1951 destinarat
365 1889 451 1970 (eum
471 1887 526 1951 ille
549 1888 611 1951 hoe
631 1888 733 1950 scelus
755 1887 858 1950 faeere
878 1887 987 1970 velletJ
1008 1909 1109 1950 manu
1132 1909 1197 1966 sua,
1223 1909 1265 1951 ne

162 1989 291 2068 faeeret,
316 2009 450 2054 manum
473 1990 640 2054 detineret.
686 1990 772 2054 Dein
788 1990 871 2072 Regi
894 1998 1085 2074 praesentem
1109 1981 1264 2070 animum,

161 2101 196 2158 et
209 2094 303 2172 vires,
318 2094 479 2176 roburque
495 2093 689 2172 sufficiendo
706 2094 747 2158 ad
761 2094 893 2158 feralem
907 2095 996 2157 illam
1010 2094 1210 2178 palaestram
1227 2103 1265 2158 ut

162 2218 225 2260 sorr
236 2199 423 2278 prevaleret
438 2199 476 2277 ei,
492 2203 530 2260 ut
544 2217 606 2260 ooo
622 2200 791 2281 projiceret
805 2199 839 2261 ia
854 2218 888 2260 eo
911 2199 1075 2281 quicquam
1090 2198 1264 2263 taimioas'.

162 2301 313 2379 Domum,
329 2300 419 2364 miris
433 2300 548 2379 modis,
564 2300 761 2384 perignotae
776 2300 851 2378 vias,
867 2300 1033 2383 imperitos
1047 2300 1120 2378 loci,
1136 2300 1266 2382 ignaros

161 2401 229 2483 riae,
245 2410 333 2467 reeta
347 2409 458 2467 tamen
469 2403 624 2482 ducendo,
636 2410 668 2467 et
680 2403 847 2486 dirigendo
861 2403 946 2467 viros
960 2403 1042 2482 illos,
1056 2404 1111 2487 qui
1126 2403 1265 2466 clamore

163 2505 260 2590 Regis
282 2503 385 2587 aeoiti,
401 2502 622 2572 aoeelerabarit
643 2507 797 2589 undique,
820 2506 857 2569 in
879 2507 947 2590 ejus
971 2507 1136 2584 auxilium,
1158 2506 1262 2588 (viros,

160 2609 203 2672 ob
217 2609 280 2673 hoo
295 2616 364 2673 tam
386 2609 462 2673 felix
485 2616 517 2675 et
539 2610 634 2674 fidele
656 2609 882 2688 ministerium,
899 2609 1095 2691 sempiterna
1108 2609 1264 2671 memoria

161 2710 275 2794 dignos
285 2711 306 2794 r)
330 2711 468 2794 denique
483 2712 652 2776 asserendo
667 2733 752 2790 eum,
767 2718 848 2790 tum,
865 2733 884 2774 a
905 2711 1009 2795 primo
1030 2711 1092 2774 hoo
1100 2735 1110 2788 ;
1133 2716 1205 2774 tum
1220 2711 1261 2774 ab

161 2815 217 2877 illo
253 2815 363 2894 altero,
394 2815 524 2878 alterius
560 2815 669 2889 fratris
702 2816 821 2898 plodio,
852 2815 955 2898 magis
992 2814 1096 2878 adhue
1127 2816 1261 2896 mutique

161 2913 317 3001 mutipao3
340 2919 432 2982 etsie
455 2920 635 3000 asserendo,
661 2928 699 2984 ut
718 2921 846 3003 gladios
868 2941 973 2984 eorum
992 2909 1127 2982 intraret
1150 2920 1184 2982 ia
1208 2939 1262 2982 cor

161 3020 327 3103 armarat,
346 3027 379 3085 et
402 3022 588 3105 malignitas
609 3023 751 3106 ipsorum
772 3023 848 3108 ipsis
871 3023 907 3086 in
926 3023 1078 3087 verticem
1096 3029 1261 3085 converte-
1300 3077 1303 3081 .

161 3130 293 3190 retur¹¹r
315 3124 400 3206 Rege
424 3125 520 3203 salvo,
547 3127 648 3188 rotate
670 3126 750 3208 Repa'
772 3127 860 3204 doto,
886 3125 1014 3190 eoelitus
1041 3125 1127 3204 doto,
1149 3124 1186 3207 (si
1212 3130 1260 3191 est

160 3246 303 3308 unquam
318 3225 403 3290 salus
419 3226 544 3290 coelitus
558 3227 616 3290 ulli
631 3225 716 3311 data)
737 3248 774 3291 ae
789 3229 816 3290 si
828 3227 867 3291 de
880 3228 960 3292 ooelo
975 3227 1112 3290 misisset
1127 3248 1261 3290 manum

162 3330 260 3409 Deus,
276 3336 309 3393 et
324 3350 418 3412 opem
433 3329 463 3392 ei
478 3329 643 3394 tulisset⁷z
666 3351 741 3409 una,
758 3351 867 3392 uaeas
887 3331 987 3393 Illum
996 3355 1005 3407 3
1029 3350 1104 3407 una,
1122 3329 1260 3392 obruens

162 3429 319 3516 malignos
342 3432 414 3496 illos
438 3432 640 3516 gladiatores,
668 3439 701 3495 et
726 3453 783 3496 suo
806 3433 868 3496 sibi
889 3433 1043 3516 jugulans
1065 3425 1171 3514 gladio
1193 3453 1262 3494 ma·

161 3535 258 3617 ligno.
304 3535 462 3614 Profecto,
486 3540 554 3598 non
578 3535 728 3598 humanae
752 3536 821 3617 opis
846 3535 925 3612 hoo;
959 3555 1026 3596 non
1052 3533 1092 3596 ab
1118 3533 1260 3597 homine.

161 3639 192 3702 Α
207 3639 340 3702 Domino
348 3636 476 3720 foetam
490 3644 537 3701 est
556 3638 651 3716 istud,
667 3644 699 3700 et
715 3644 761 3700 est
777 3637 921 3700 mirabile
935 3637 969 3699 ta
984 3630 1082 3699 oratis
1100 3638 1217 3698 uostris
1226 3646 1260 3708 ¹,-

161 3740 196 3802 in
210 3739 310 3804 oeulis
324 3740 490 3804 omnium:
514 3746 547 3802 et
562 3746 610 3802 est
629 3738 837 3802 memorabile
859 3738 895 3800 in
917 3737 1046 3800 auribus
1066 3737 1183 3800 nostris
1193 3764 1203 3816 ;
1226 3738 1262 3801 in

160 3843 291 3907 auribus
307 3843 470 3930 omnium3
494 3843 596 3925 deque
611 3863 659 3922 eo,
671 3842 761 3905 nulla
775 3841 953 3926 posteritas,
969 3840 1059 3903 nulla
1074 3841 1262 3903 saeculorum

162 3945 258 4009 series
273 3946 474 4010 conticescet.

206 4047 271 4111 Sed
293 4055 326 4112 et
347 4049 410 4112 hoo
423 4070 537 4133 parum
551 4048 654 4111 visum
669 4055 717 4111 est
733 4048 826 4111 Deoy
832 4072 841 4124 ;
865 4045 928 4109 nisi
943 4045 1017 4109 exin
1032 4066 1123 4128 saepe,
1140 4051 1173 4109 et
1187 4066 1262 4109 vero

162 4151 364 4234 nuperrime:
402 4152 472 4236 (uec
495 4151 583 4215 enim
607 4151 686 4214 dum
708 4171 810 4213 annus
832 4151 891 4232 est)
916 4170 935 4212 e
960 4149 1029 4232 pari
1052 4148 1154 4227 illum,
1185 4143 1260 4223 imo,

259 4345 268 4367 ³
285 4336 324 4386 Ps.
336 4336 435 4386 lxxxix.
448 4338 488 4386 22.
698 4395 700 4398 .
827 4344 838 4366 '
856 4335 910 4399 [Ps.
919 4334 1008 4397 enlin]
1018 4334 1088 4383 Vers.
1100 4333 1123 4385 7.

260 4403 268 4432 ²
288 4402 326 4450 Ps.
339 4402 437 4451 xxxvii.
456 4405 492 4452 15.
700 4398 711 4413 '⁴
828 4409 839 4431 Χ
860 4399 909 4464 [Ps.
922 4398 1007 4448 cxviii.
1020 4397 1070 4461 23]

259 4473 271 4495 ‘¹
289 4465 328 4515 Ps.
340 4467 382 4516 vii.
396 4467 433 4518 17.
772 4467 778 4480 ¹
830 4473 840 4504 1
859 4463 1057 4513 lSam.vii.19.
1089 4524 1091 4529 Ι
