2970 4914
276 240 345 305 160
600 285 605 295 ·
721 263 765 312 on
785 264 927 330 naemu,

272 410 402 476 illorum
423 413 463 477 ad
487 414 572 480 Heb.
588 416 643 482 vii.
657 415 810 506 Ἐμέρισε
827 417 963 500 δεκάτην
982 419 1048 486 ἀπὸ
1062 420 1236 491 πάντωνὴε
1260 426 1375 492 similis

273 514 404 578 illorum
430 520 555 599 'dvm
575 522 655 612 ltili
676 493 796 594 520¹:
830 494 926 604 llll),
959 521 1025 588 ἀπὸ
1055 523 1195 603 πάντων,
1219 527 1253 591 ἐν
1274 531 1374 604 πᾶσι,

275 617 352 701 quid
377 619 537 684 interest?
562 629 599 685 ut
625 625 811 708 conjectura
836 627 889 706 sit,
919 648 979 691 nec
1002 627 1059 691 illa
1081 628 1169 708 levis,
1199 628 1374 716 παρῳδεῖνί

273 723 464 803 Apostolum
487 724 528 787 ad
550 725 630 789 illud
654 728 835 794 Geneseos:
859 738 945 794 tecte
961 731 1049 794 illam
1064 730 1232 797 κοινωνίαν.
1246 735 1372 799 insinu-

274 844 337 902 are,
354 846 417 907 qua
430 848 507 890 usus
522 837 571 892 est
585 828 799 911 Abrahamus,
811 831 892 912 fidei
910 854 973 896 sne
988 833 1080 914 filiis,
1104 857 1161 918 per
1181 837 1300 916 omnia,
1315 837 1373 902 ubi

273 933 307 990 et
322 936 480 1010 quantum
496 931 601 1009 datur,
615 933 803 998 imitandus.
842 936 930 1002 Quid
946 937 972 1000 si
987 945 1096 1001 autem
1111 939 1182 1003 sic?
1227 942 1371 1025 Praecep-

272 1037 345 1095 tum
358 1032 449 1113 illud,
460 1036 545 1117 quod
556 1037 607 1101 vel
621 1037 741 1121 optime
756 1041 894 1102 consulit
909 1041 949 1123 τῇ
964 1039 1110 1128 κοινωνίᾳ
1125 1041 1159 1106 ἐν
1172 1045 1276 1106 πᾶσιν
1291 1042 1371 1125 ἀγα-

275 1133 371 1210 θοῖςῑ,
387 1139 612 1220 antiquandum
625 1162 692 1205 non
703 1149 774 1220 est;
798 1142 890 1207 Istuc
901 1152 1020 1220 autem,
1034 1145 1112 1228 quin
1128 1146 1168 1209 sit
1185 1149 1316 1214 Sanctio
1331 1150 1372 1214 de

274 1239 425 1319 Decimis,
441 1241 575 1306 dubium
597 1266 664 1308 non
686 1252 745 1309 est.
790 1247 854 1310 Per
868 1267 939 1310 eam
954 1268 1093 1330 namque
1110 1270 1185 1312 vera
1206 1259 1266 1330 est,
1282 1259 1315 1315 et
1333 1252 1372 1334 (si

271 1363 329 1426 per
340 1365 396 1407 vos
410 1344 504 1409 liceat
519 1345 633 1425 dicere,
646 1347 762 1430 dicam)
776 1349 872 1412 rectis
887 1351 1055 1413 communic
1065 1351 1211 1414 bonornm
1225 1356 1371 1433 omninm,

270 1458 342 1516 tum
358 1452 533 1534 fructnnm,
557 1456 629 1514 tum
648 1449 792 1532 foetnnm,
824 1457 925 1530 terre,
949 1454 1143 1533 plantarum,
1169 1457 1370 1532 animalium,-

270 1557 408 1639 vosipsi
430 1555 515 1639 apud
538 1576 593 1618 vos
619 1553 777 1637 reliquam
799 1554 1008 1617 inductionem
1030 1556 1199 1620 contexite.
1250 1559 1370 1641 Stipem

269 1660 339 1744 ejus
354 1660 424 1723 loco
446 1658 566 1742 ponite,
589 1657 887 1740 cupite-censionem,
904 1659 1096 1720 incentionem
1114 1660 1245 1734 ndinm;
1273 1663 1370 1726 multi

269 1783 410 1826 errores:
433 1783 507 1846 pars
528 1760 659 1838 celatur,
682 1780 757 1844 pars
779 1759 989 1838 subducitur;
1013 1761 1117 1825 ausim
1131 1761 1247 1842 dicere,
1262 1762 1372 1829 πάντα

268 1861 377 1949 ἆιγιιθὰ
392 1862 428 1930 οὐ
441 1862 487 1946 μὴ
513 1865 710 1928 κοινωνεῖτοι
718 1861 735 1926 ¹.
781 1863 930 1945 Denique
944 1875 982 1927 ut
997 1885 1107 1929 omnes
1122 1867 1256 1930 cautelae
1277 1868 1369 1932 adhi-

267 1969 416 2047 beantur,
436 1967 678 2032 Commnnicntic
693 1967 864 2048 peticionis,
881 1968 1045 2050 nnuloqicc
1067 1975 1196 2033 tantum
1220 1970 1298 2035 erit:
1321 1973 1369 2037 At

268 2092 328 2155 ego
340 2071 467 2155 jamdiu
482 2070 589 2149 didici,
605 2078 639 2134 et
659 2070 694 2133 id
714 2069 829 2152 cuique
851 2076 977 2149 nutura,
993 2072 1053 2150 tec,
1073 2074 1157 2135 ratio
1173 2073 1295 2152 suadet,
1310 2074 1368 2139 ubi

266 2172 364 2255 λόγος
383 2174 450 2258 ipse
473 2173 624 2237 manibus
647 2172 752 2236 teneri
768 2172 878 2257 possit,
895 2173 935 2237 de
954 2175 1101 2256 anclnyin
1123 2175 1257 2239 minime
1277 2175 1368 2242 labo·

267 2278 424 2342 randum:
449 2277 668 2345 Quamobrem
681 2276 717 2340 in
732 2277 880 2340 Pastoris
901 2282 935 2340 et
951 2279 1059 2360 precis
1081 2276 1235 2365 κοινωνίᾳ,
1252 2279 1279 2342 si
1297 2279 1367 2364 ipsa

266 2381 335 2459 Rei,
353 2381 423 2465 ipsa
438 2380 656 2444 communionis
671 2379 787 2444 veritas
801 2379 914 2447 baberi
931 2381 1030 2463 possit
1050 2379 1084 2444 ἐν
1103 2383 1207 2444 πᾶσιν
1221 2378 1364 2462 σ’νγοθοῖς,

268 2483 312 2566 (et
337 2482 587 2567 potesnhaberi)
615 2483 849 2565 Stipendicrics
872 2482 943 2546 illas
960 2484 1181 2564 proportiones
1204 2493 1237 2548 et
1260 2505 1365 2567 eqna-

265 2587 364 2650 tiones
378 2608 444 2651 non
459 2607 528 2650 esse
543 2586 776 2666 consectandas,
793 2586 856 2669 (vel
870 2586 931 2651 hoc
947 2585 1076 2669 quidem
1096 2587 1165 2650 leve
1184 2588 1283 2652 nimis
1298 2589 1359 2672 est)

264 2710 334 2753 esse
347 2689 477 2773 penitus
490 2688 686 2772 rejiciendas.

312 2896 413 2960 Porro
436 2903 526 2959 sexta
554 2903 622 2960 esto
645 2895 726 2960 hacc.
776 2894 951 2979 Obligabat
981 2897 1154 2980 aliquando
1184 2898 1363 2964 Ecclesiam

263 2998 468 3075 Potiticcten
481 3000 544 3062 ista
558 3001 607 3063 De
618 3000 777 3062 Decimis:
801 3000 912 3082 negari
928 3021 993 3063 non
1007 3008 1122 3084 potest.
1155 3003 1257 3085 Atqui
1271 3003 1364 3067 irrita
1448 3058 1451 3063 .

262 3099 349 3164 facta
374 3110 532 3166 nonest:
559 3102 685 3184 Obliynt
710 3101 811 3184 igitur
829 3102 897 3185 jam
921 3125 1056 3186 quoque.
1100 3105 1276 3187 Antiqnntc
1292 3129 1364 3190 quae

262 3203 393 3283 fuerint,
415 3204 508 3268 docet
523 3205 715 3288 Apostolus3
738 3205 822 3287 Eph.
838 3205 871 3268 ii.
893 3209 944 3269 14.
991 3207 1072 3273 Quae
1094 3216 1185 3271 erant
1206 3216 1362 3293 tanquam

261 3305 465 3413 μεσότοιχον,
475 3309 682 3391 interperinns
690 3309 809 3390 paries,
821 3309 906 3372 inter
916 3307 1023 3373 Deum
1038 3319 1071 3375 et
1080 3313 1231 3375 doncinem
1238 3313 1360 3395 primo:

262 3410 412 3490 secundo,
440 3412 533 3475 Inter
554 3412 691 3474 domines
708 3418 741 3475 et
755 3413 901 3491 domines,
917 3413 950 3476 id
966 3421 1024 3491 est,
1040 3414 1166 3476 Jndcos
1185 3422 1218 3478 et
1235 3417 1360 3480 Gentes.

262 3515 372 3578 Priore
387 3513 532 3578 membro
548 3513 765 3588 excludimur;
783 3515 872 3578 Deus
888 3515 974 3579 enim
990 3515 1105 3578 indixit
1120 3519 1287 3580 Decimus:
1305 3520 1361 3582 Illi

260 3638 338 3700 ergo
353 3638 420 3680 non
435 3616 614 3700 displicent.
647 3617 697 3680 Ac
711 3618 884 3699 posteriore
900 3618 1017 3682 etiam:
1041 3620 1107 3681 Pax
1122 3619 1209 3682 enim
1224 3641 1359 3700 summa,

262 3721 367 3804 quoad
394 3720 544 3785 Decimas
556 3747 566 3798 3
598 3741 713 3803 easque
737 3727 804 3782 tem
832 3723 946 3787 Gentes
971 3721 1036 3784 suis
1070 3722 1267 3802 Sacrificnlis
1296 3724 1360 3809 (uti

191 3882 194 3887 .
261 3826 371 3888 statim
390 3824 554 3910 edocebo),
572 3846 668 3908 quam
683 3819 787 3887 Jndei
802 3824 1017 3906 Pontificibus,
1033 3826 1265 3889 anniversarias
1280 3847 1360 3910 pen-

260 3927 390 3991 debant.
436 3928 606 4010 Reliquam
621 3948 695 3990 vero
710 3927 835 3991 Politiae
852 3934 976 4010 partem
992 3928 1103 4012 excipi,
1118 3928 1153 3991 id
1167 3919 1360 4012 argumento

256 4038 318 4108 est,
336 4030 430 4097 Quod
446 4037 614 4095 censeatur
628 4052 648 4094 a
662 4031 786 4095 Davide
813 4032 908 4112 (Paul.
926 4031 1043 4113 cxlvii.)
1069 4032 1186 4094 summi
1209 4032 1360 4114 Beneficii

258 4134 347 4201 loco:
371 4135 425 4212 Et,
445 4134 531 4217 quod
550 4156 610 4198 nos
626 4134 748 4198 Christi
770 4155 854 4198 mors
874 4135 941 4199 ullo
956 4134 1099 4216 bercefieio
1115 4135 1258 4218 privarit,
1275 4157 1359 4219 aegro

289 4270 301 4303 ¹¹
318 4271 419 4320 Dividit
436 4270 552 4320 Decimus
565 4271 687 4320 omnium.
708 4270 784 4337 [Heb.
860 4270 867 4310 l
889 4270 1016 4321 Alludsre.

258 4336 299 4386 rii.
313 4337 350 4400 2.]
860 4333 872 4366 ¹¹
890 4335 983 4385 Partici
1002 4337 1082 4386 stioni
1093 4337 1121 4386 in
1132 4335 1250 4386 omnibus
1259 4336 1341 4387 bonis.

257 4399 654 4529 [defffsslfd'iilssdltlnoeimu
662 4400 784 4451 omnium
860 4397 867 4432 ¹
890 4400 982 4452 Omnis
1024 4400 1357 4461 nanoncommunieantur.
