2970 4914
522 262 558 312 ru
579 263 726 314 numssu
747 263 904 314 ratarum.
1221 251 1263 314 79

161 430 195 488 et
224 423 365 505 Sponsa:
401 421 483 486 Duo'
502 421 661 505 sponsalia
668 447 678 500 3
712 421 909 506 Mysterium
937 421 1035 500 idem,
1066 421 1152 504 quod
1178 421 1264 505 apud

160 526 371 609 Apostolum:
393 526 474 588 Dico
489 530 592 588 cutem
606 525 640 588 iu
650 525 717 588 Deo
732 525 787 588 hic
802 531 835 588 et
847 524 950 604 Sione,
962 532 1000 588 ut
1014 525 1069 589 ille
1083 525 1119 588 in
1134 525 1264 590 Christo

160 629 208 694 ibi
222 637 255 693 et
269 631 414 693 Ecclesia
425 626 449 693 ¹¹.

205 732 392 797 Videndum
403 732 482 816 jam,
497 752 539 794 ne
553 731 721 794 incurrant
740 730 899 814 sponsalia
913 738 1026 795 nostra
1039 731 1075 795 in
1089 731 1266 816 posteriora

160 836 241 900 haec.
285 836 359 900 Imo
383 835 417 898 id
443 834 528 899 volui
552 835 666 913 dicere,
688 841 727 898 ut
749 842 953 898 concurrant.
999 835 1067 899 Ubi
1089 835 1177 898 enim
1198 857 1266 901 non

162 946 380 1016 concurrunt;
403 938 462 1003 ubi
474 938 605 1003 Sionem
620 960 687 1003 non
701 938 877 1022 respiciunt
893 938 1072 1023 sponsalia3
1094 946 1265 1022 quantum·

160 1041 242 1106 libet
269 1041 325 1106 hic
349 1041 385 1106 in
406 1042 502 1119 terris
527 1041 673 1120 effusum,
699 1042 828 1105 nullum
850 1042 946 1124 plane
974 1040 1013 1104 de
1038 1041 1104 1104 illis
1125 1042 1162 1106 in
1184 1042 1266 1106 coelo

162 1145 325 1228 gaudium.
370 1145 439 1210 Ubi
453 1166 528 1209 vero
541 1145 702 1208 redundat
711 1167 750 1210 ex
764 1145 828 1208 illis
842 1145 956 1209 laetitia
969 1145 1005 1208 in
1022 1145 1163 1223 Sionem,
1174 1146 1266 1229 cujus

162 1248 203 1312 de
226 1248 345 1332 gaudio
366 1248 522 1331 gaudium
544 1248 581 1312 in
603 1249 684 1313 coelo
706 1270 839 1335 semper,
856 1270 901 1313 eae
916 1249 1046 1312 demum
1060 1248 1173 1313 faustae
1188 1255 1266 1312 sunt

163 1358 259 1434 atque
274 1350 445 1434 auspicatae
459 1350 591 1435 nuptiae.
636 1352 687 1416 De
698 1381 700 1385 ·
710 1351 826 1434 quibus
843 1373 911 1416 non
925 1353 1021 1417 modo
1037 1352 1133 1416 amici
1150 1353 1266 1438 Spousi

163 1453 203 1518 de
231 1460 319 1518 terra
346 1454 433 1534 hinc,
458 1453 515 1518 sed
540 1461 573 1518 et
598 1455 798 1532 Palatinatus
821 1454 876 1519 ille
902 1455 1055 1539 superior,
1078 1462 1111 1518 et
1134 1477 1204 1539 quae
1226 1456 1267 1519 de

163 1578 290 1620 sursum
313 1563 362 1621 est
383 1557 505 1640 Anglia
527 1557 618 1640 quasi
639 1557 848 1640 Angelorum,
872 1558 912 1622 de
935 1558 1052 1642 quibus
1068 1559 1157 1622 Deus
1179 1560 1265 1643 Ipse,

162 1667 258 1743 atque
273 1660 400 1739 coelum,
417 1659 552 1743 coelique
566 1666 636 1723 tota
651 1659 758 1740 Curia,
773 1661 896 1724 laetitiis
911 1661 1062 1725 omnibus
1077 1659 1145 1725 laeti
1160 1669 1247 1726 sunt.

206 1763 376 1847 Ejusmodi
390 1772 423 1827 et
438 1785 507 1838 esse
533 1770 566 1828 et
588 1762 656 1826 iore
678 1784 843 1847 speramus
865 1765 935 1828 haee
956 1771 1077 1843 nostra,
1092 1772 1267 1848 praestante

163 1865 198 1929 id
219 1867 290 1931 Deo
313 1868 390 1951 Opt.
406 1867 522 1944 Max⁰.‚
539 1865 595 1950 qui
608 1865 686 1929 velit
704 1866 819 1951 jubeat
841 1867 1006 1951 geminum
1028 1867 1090 1932 hoc
1112 1868 1267 1951 gaudium

163 1969 259 2034 rivuli
281 1977 314 2034 et
332 1970 432 2034 fontis
453 1970 489 2033 in
509 1969 566 2033 illa
588 1969 743 2034 derivari:
776 1971 820 2056 Et
843 1972 956 2052 Sponai
978 1971 1131 2055 gaudium
1154 1993 1212 2036 suo
1234 1977 1267 2034 et

167 2073 273 2138 Sionis
286 2073 404 2157 gaudio
415 2073 578 2138 coronari:
594 2079 674 2136 utet
685 2073 829 2155 ‘Sponsus
841 2073 880 2138 de
892 2075 1023 2157 Sponsa,
1034 2081 1067 2138 et
1084 2074 1161 2138 Sion
1170 2082 1268 2158 atque

165 2175 254 2241 Deus
270 2176 310 2241 de
324 2183 482 2262 utroque:
505 2175 591 2239 inter
610 2197 644 2239 se
658 2175 716 2255 illi,
736 2197 796 2240 nos
818 2197 892 2242 cum
911 2176 986 2257 illis,
1003 2198 1113 2241 omues
1129 2176 1268 2260 denique

164 2278 200 2344 in
215 2280 296 2359 Deo,
311 2287 408 2364 atque
422 2300 497 2344 cum
512 2279 592 2358 Deo,
608 2279 818 2362 gaudeamus.

208 2384 321 2447 Partes
350 2383 475 2447 vidistis
505 2382 665 2467 periochae
696 2382 805 2467 hujus.
849 2384 914 2447 Eas
944 2403 1004 2466 ego
1034 2383 1079 2446 sic
1107 2403 1265 2466 exequant

167 2488 197 2550 1.
227 2485 344 2549 Dicam
370 2485 410 2550 de
438 2491 509 2549 voto
538 2485 619 2568 ipso,
648 2485 778 2568 votique
807 2492 925 2548 natura
952 2486 1067 2569 primo,
1100 2486 1265 2548 Gaudebit.

165 2594 198 2656 2.
212 2589 296 2654 Tum
312 2590 351 2654 de
361 2595 447 2670 vote,
462 2589 568 2674 quoad
583 2588 745 2671 Sportula,
759 2609 816 2652 seu
832 2588 872 2651 ad
886 2588 994 2672 ipsum
1006 2589 1120 2652 relato.
1150 2589 1266 2654 'Quoad

166 2693 328 2776 Sporaucm,
352 2693 456 2776 primo
480 2692 517 2756 in
538 2713 582 2770 se,
601 2691 715 2775 suique
737 2711 795 2775 per
815 2712 848 2755 se
871 2691 975 2754 solum
995 2691 1120 2754 ratione
1141 2691 1263 2769 habita,

170 2780 324 2861 Gundebit
339 2797 486 2880 Sponsus.
532 2795 648 2863 Quoad
665 2796 827 2879 Sponsum
846 2795 965 2859 iterum
980 2795 1105 2859 ratione
1122 2796 1263 2879 Sponsae,

170 2901 326 2964 Gaudebit
341 2907 371 2964 et
387 2901 525 2981 Sponsus
539 2919 632 2981 saper
647 2899 809 2980 Sponsam.
842 2899 953 2982 Atque
970 2899 1039 2962 haec
1054 2897 1094 2961 de
1108 2898 1221 2963 rivulo.

210 3005 289 3068 Post
313 3011 345 3068 et
370 3003 494 3067 fontem
519 3003 626 3086 ipsum
649 3010 795 3086 petemus
818 3003 936 3067 Deum.
980 3001 1096 3067 Acturi
1119 3002 1159 3066 de
1183 3003 1264 3081 Dee,

166 3109 321 3192 Ejusque,
337 3114 370 3172 et
385 3101 581 3191 ad'nuptias,
597 3113 630 3170 et
646 3106 687 3169 ad
698 3107 860 3189 paediam,
874 3107 1060 3170 interventu
1075 3106 1264 3170 necessario.

167 3212 251 3275 'lum
274 3212 313 3274 de
337 3199 539 3292 Sponaulibua
564 3231 637 3274 cum
655 3209 762 3288 Sione,
789 3210 892 3293 deque
921 3210 1015 3273 Illius
1038 3209 1115 3274 inde
1138 3211 1266 3293 gaudio.

167 3315 333 3379 Postremo
349 3313 388 3378 de
402 3320 539 3398 utroque
554 3314 616 3377 hoc
638 3313 756 3397 gaudio
775 3313 901 3396 (Sponai
921 3320 1017 3397 atque
1040 3313 1115 3396 Dei)
1132 3313 1269 3376 feliciter

168 3417 388 3496 consociando,
405 3423 438 3480 et
461 3417 552 3500 quasi
572 3415 794 3499 desponsando
808 3416 894 3479 iuter
910 3437 955 3480 se.
1001 3416 1055 3480 Sic
1074 3416 1154 3479 fient
1174 3415 1269 3479 nobis

169 3521 335 3603 Sponaolic
360 3529 470 3584 terna:
495 3523 525 3582 1.
551 3519 664 3600 Sponsi
680 3540 754 3582 cum
770 3519 912 3601 Spartam
936 3523 968 3583 2.
991 3519 1054 3583 Dei
1069 3539 1144 3582 cum
1160 3518 1267 3581 Sione,

168 3629 199 3688 3.
226 3625 339 3706 Sponai
353 3630 449 3707 atque
464 3625 603 3704 Sporum,
628 3642 703 3684 cum
718 3622 789 3685 Deo
804 3628 836 3685 et
854 3621 970 3684 Sione:
995 3619 1080 3703 quod
1102 3641 1141 3683 ex
1162 3620 1268 3683 tribus

168 3728 219 3792 his
234 3728 370 3792 resultat
385 3726 549 3811 gaudium,
564 3725 600 3788 in
614 3746 717 3788 unum
732 3724 822 3808 quasi
836 3723 991 3807 gaudium
1006 3722 1220 3806 aggregando.

215 3935 289 4008 Qua
301 3955 356 4016 epo
366 3935 438 4000 dam
447 3933 570 4015 stapulo
582 3933 775 4014 complector,
791 3938 929 4014 atquem
940 3929 1188 4011 adfincmcDeo
1200 3931 1268 3994 des-

169 4039 288 4103 tinatus
299 4044 346 4101 est
354 4038 435 4119 Ejus
443 4057 553 4114 ammo,
566 4056 634 4098 eum
649 4036 683 4098 in
694 4034 880 4116 mbisfinem
890 4035 1045 4098 sortiatur
1053 4036 1111 4098 loc
1122 4040 1267 4117 tempore,

169 4148 294 4224 lotaque
308 4143 372 4204 hcc
387 4141 469 4204 actio
484 4145 593 4203 nostra
605 4159 673 4203 cum
679 4137 796 4221 fructa
810 4140 862 4218 sit,
878 4139 1040 4202 incitemus
1054 4141 1114 4201 tac
1122 4139 1270 4220 precius

169 4246 286 4309 nostris
310 4245 464 4326 Spiritum
479 4244 640 4321 Sanctum,
656 4243 799 4305 invocato
814 4243 848 4304 in
861 4242 950 4304 illum
964 4240 1062 4322 finem
1073 4263 1136 4323 per
1154 4243 1270 4304 dilium

170 4350 280 4413 Patre.
321 4348 371 4412 Ac
385 4368 423 4410 ne
437 4348 472 4410 in
479 4347 626 4428 precibus
640 4346 757 4409 noetus
771 4346 961 4410 immaniores
975 4345 1071 4409 aimus
1083 4347 1192 4427 ipsius,
1205 4363 1272 4426 quc

605 4471 630 4507 '¹¹
646 4472 722 4538 [ltph.
733 4487 759 4524 v.
768 4473 822 4536 32]
