2970 4914
528 273 622 325 rursu
642 277 797 326 nonium.
943 318 946 325 .
1151 261 1214 324 177

115 423 199 488 ferre
221 427 322 509 gradu
345 436 378 492 et
402 429 567 513 dignitate,
585 431 854 515 quemadmodum
877 438 911 494 et
933 429 1018 494 inter
1039 430 1213 514 Episcopos
1270 415 1334 477 163

116 527 308 593 eminentior
337 538 386 594 est
416 534 533 616 gradus
559 534 892 617 Archiepiscoporum.
936 535 968 595 3.
992 532 1214 616 Episcopalcm

115 649 189 693 vero
213 633 348 714 gradum
372 642 405 698 et
429 638 671 720 praerogativam
698 657 765 700 esse
787 637 871 719 juris
895 635 1119 713 Ecclesiastici,
1146 656 1214 698 non

114 752 188 795 vero
200 733 318 815 divini;
341 737 446 802 fateor
461 761 480 802 a
493 760 547 803 me
562 738 685 803 dictum
702 761 781 803 esse.
821 739 886 802 Sed
900 743 1113 821 praeterquam
1128 737 1214 820 quod

114 835 207 914 aliter
220 839 309 922 loqui
325 863 421 923 quam
436 844 624 922 sentiebam,
640 865 707 906 non
720 843 834 906 fuisset
855 841 996 905 hominis
1019 841 1140 905 cordati
1154 861 1214 904 nec

113 940 215 1021 probi,
230 949 269 1005 tu
283 965 342 1026 pro
356 952 414 1009 tua
429 947 579 1029 aequitate
594 947 688 1010 facile
711 945 881 1030 judicabis,
901 945 1065 1008 hominem
1082 945 1213 1008 Gallum

112 1042 272 1108 viventem
295 1047 355 1110 sub
377 1049 490 1130 politia
511 1049 662 1113 Ecclesiae
679 1049 865 1135 Gallicanae,
881 1069 948 1111 non
962 1047 1105 1130 potuisse
1120 1047 1214 1110 aliter

112 1145 208 1228 loqui,
234 1149 313 1231 quin
336 1171 502 1215 censuram
526 1158 708 1216 nostrarum
736 1151 937 1236 synodorum
968 1151 1154 1227 incurreret,
1180 1155 1212 1212 et

112 1248 171 1312 sub
200 1250 463 1317 interminatione
492 1251 728 1340 κοιθοιιρείτεωςθ
754 1253 794 1317 ad
818 1252 1013 1337 palinodiam
1042 1251 1211 1340 compelle-

110 1359 208 1416 retur.
254 1356 343 1419 Nam
358 1377 498 1436 censere,
513 1358 673 1422 Ecclesiae
687 1363 814 1421 nostras
832 1364 865 1420 et
885 1376 989 1419 errare
1004 1355 1039 1418 in
1054 1354 1211 1438 capitibus

109 1455 194 1535 fidei,
214 1463 247 1521 et
268 1459 355 1523 inre
374 1481 445 1542 quae
466 1461 508 1524 sit
530 1460 613 1546 juris
628 1459 736 1539 divini,
755 1460 790 1523 id
812 1480 889 1523 sanc
911 1466 994 1522 essct
1016 1458 1061 1521 eis
1082 1459 1211 1523 inurere

110 1567 221 1625 notam
245 1563 412 1640 haereseos,
439 1571 472 1628 et
495 1566 673 1628 multorum
696 1565 896 1628 infirmorum
919 1563 1111 1628 labefactare
1134 1583 1210 1626 con-

111 1663 288 1730 scientiam.
333 1668 404 1750 Ego
429 1688 505 1731 vero
534 1667 804 1750 adscriptionem
830 1667 927 1750 hujus
950 1666 1041 1730 Libri
1066 1665 1209 1729 animum

111 1766 213 1850 adjeci
234 1767 365 1848 invitus,
383 1768 428 1834 sic
451 1771 636 1853 postulante
659 1769 805 1834 Ecclesia
828 1776 938 1834 nostra
962 1776 995 1833 et
1015 1770 1208 1853 jamdudum

108 1874 255 1948 urgente,
272 1867 313 1930 ad
335 1869 571 1932 retundendam
594 1869 787 1954 proterviam
811 1868 1072 1947 adversariorum,
1096 1868 1151 1951 qui
1172 1869 1211 1932 in-

107 1967 169 2036 hac
189 1970 364 2051 quaestione
388 1971 482 2034 nobis
505 1971 666 2034 insultant
689 1971 970 2054 intemperantius,
995 1978 1028 2034 et
1051 1971 1091 2034 de
1114 1970 1209 2033 nobis

107 2069 283 2152 loquuntur
307 2077 344 2135 ut
371 2071 411 2135 de
436 2071 545 2156 fungis
567 2094 679 2137 recens
705 2094 723 2136 e
746 2080 833 2137 terra
856 2073 1032 2156 prognatis,
1053 2080 1085 2136 et
1108 2079 1145 2136 ut
1168 2073 1208 2135 de

107 2172 349 2236 tenebrionibus
372 2174 426 2256 qui
447 2175 634 2239 invaserunt
657 2182 846 2259 suggestum
867 2197 924 2258 per
939 2175 1004 2238 vim
1028 2195 1065 2239 ac
1085 2175 1207 2237 tumul·

123 2296 188 2338 um.
233 2277 458 2340 Veruntamen
480 2284 559 2360 puto
576 2299 628 2341 me
649 2285 794 2342 secutum
817 2298 885 2341 esse
900 2277 960 2340 hoc
974 2283 1208 2359 temperamen-

108 2381 203 2456 tum;
240 2385 288 2455 ut,
320 2379 398 2442 dum
430 2385 524 2443 tueor
552 2386 672 2458 nostra,
702 2386 808 2444 vestra
836 2400 902 2442 non
932 2379 1118 2456 convellam,
1147 2399 1208 2442 nec

108 2475 244 2566 ἀμετρίᾳ
278 2477 456 2562 audantes
491 2481 527 2544 in
571 2482 704 2544 alteram
741 2489 865 2564 partem
901 2481 974 2563 plus
1012 2501 1102 2563 aequo
1134 2501 1207 2563 pro-

108 2583 274 2664 pendeam.
319 2586 435 2668 Neque
449 2606 523 2648 vero
540 2585 738 2649 mentionem
752 2584 876 2667 uspiam
897 2583 959 2648 feci
976 2584 1207 2666 Episcoporum

108 2687 236 2769 Angliae
246 2688 313 2751 sine
327 2689 457 2752 honore.
483 2689 564 2752 Haeo
578 2689 688 2772 putavi
702 2687 870 2752 scribenda
884 2687 926 2750 ad
940 2694 982 2764 te,
995 2687 1043 2749 vir
1057 2688 1207 2766 maxime,

108 2791 160 2853 eui
175 2790 332 2873 imprimis
348 2791 441 2874 cupio
456 2813 529 2856 mea
542 2791 678 2874 probari.
711 2791 936 2873 Misissemque
951 2790 1074 2853 dudum
1088 2790 1206 2853 librum

108 2914 226 2972 meum,
253 2894 313 2956 nisi
339 2894 530 2978 accepissem
557 2917 576 2958 a
600 2894 711 2958 multis
736 2903 770 2958 te
795 2893 920 2958 Gallica
944 2915 1011 2956 non
1037 2893 1206 2976 attingere.

108 2998 207 3061 Nunc
221 3018 295 3061 vero
316 2998 422 3076 mitto,
439 2998 514 3082 quia
533 3020 572 3062 ex
589 3019 652 3082 quo
666 2997 780 3062 frueris
794 2997 934 3081 propiori
949 3003 982 3060 et
996 2997 1206 3081 frequentiori

109 3100 206 3182 Regis
221 3106 360 3183 aspectu,
383 3121 450 3164 non
473 3100 596 3178 dubito,
621 3099 698 3184 quin
720 3100 896 3183 superbae
919 3121 954 3163 re
977 3101 1019 3162 sit
1043 3120 1206 3163 sermones

108 3186 236 3285 aliquos*
257 3210 363 3266 tecum
394 3209 659 3282 commutaturus,
690 3211 723 3266 et
755 3209 789 3266 te
820 3202 1022 3266 adhibiturus
1052 3203 1204 3286 judicem.

107 3305 177 3386 Ego
191 3326 265 3367 vcro
279 3312 312 3367 te
325 3305 466 3388 judicem
481 3306 622 3369 libenter
636 3305 746 3384 feram,
763 3326 881 3387 gnarus
897 3305 1095 3369 doctissimos
1111 3327 1204 3387 quos-

107 3428 168 3488 que
192 3407 292 3470 solere
307 3428 381 3477 ,esse
404 3408 567 3489 aequiores,
584 3415 617 3471 et
633 3428 764 3490 sperans
786 3415 819 3470 te
841 3429 907 3470 non
931 3414 1149 3470 resecaturum
1164 3408 1205 3470 ad

106 3509 213 3572 vivum
229 3529 300 3591 quae
314 3516 449 3591 possunt
462 3509 557 3572 leniri
576 3509 745 3573 commoda
766 3509 1040 3591 interpretatione.
1087 3511 1204 3573 Deme
1279 3510 1282 3517 '

106 3613 151 3674 sic
176 3612 290 3694 cogita,
317 3619 354 3674 ut
380 3611 420 3674 de
443 3612 574 3675 homine
604 3612 688 3695 apud
718 3633 814 3695 quem
845 3633 971 3694 semper
999 3633 1117 3694 magna
1143 3612 1204 3675 erit

106 3715 279 3778 auctoritas
309 3714 520 3797 antiquitatis,
548 3722 581 3778 et
608 3715 664 3798 qui
687 3715 768 3778 mihi
792 3715 918 3779 abunde
943 3714 1075 3779 videbor
1099 3720 1203 3779 tectus

106 3818 255 3881 adversus
279 3816 412 3881 adversa
433 3818 565 3901 judicia,
582 3818 610 3880 si
633 3839 706 3882 mea
728 3840 794 3881 non
816 3839 944 3900 prorsus
965 3816 1201 3900 improbaveris.

106 3921 195 3982 Deus
231 3926 265 3982 te
302 3926 405 3983 servet
441 3920 643 3996 incolumem,
674 3921 882 4003 Amplissime
910 3919 1064 3983 Antistes.
1109 3919 1200 3986 Vale.

106 4023 245 4086 Lutetiae
260 4023 465 4102 Parisiorum,
483 4023 589 4088 Nonis
606 4024 858 4107 Septembribus,
876 4025 969 4086 1618.
1001 4085 1002 4088 ,

625 4143 695 4205 Pac
709 4141 918 4223 amplitudini
932 4141 1067 4219 devotus,
1178 4192 1181 4196 Α

810 4261 937 4323 Prinos
959 4261 1161 4324 Moumous-

186 4404 196 4427 ·
214 4395 406 4444 Deturbationis
417 4409 430 4444 e
441 4395 528 4458 gradu.
693 4397 702 4428 ¹
723 4396 892 4447 Immoderato
904 4394 988 4445 studio
999 4396 1116 4458 partium.

147 4541 206 4576 nnn.
223 4541 260 4575 ΟΡ.
278 4540 361 4575 ΡΟΠΗ.
917 4543 939 4592 Ν

1306 4440 1408 4634 Ι
