2970 4914
448 280 484 327 ru
506 277 630 327 smono
652 276 869 340 raovmcmm,
890 276 958 324 mc.
1214 263 1257 326 4⁷

161 435 252 511 ticis3
276 455 336 518 ego
350 455 425 498 vero
444 435 521 499 iude
541 434 671 498 initium
693 455 761 498 non
782 455 927 511 sumam3
949 455 1026 497 nam
1048 439 1081 497 ει
1097 432 1134 496 in
1146 430 1207 510 his,
1224 439 1257 496 et

160 537 197 600 in
210 537 272 616 his,
288 558 401 601 sensus
416 537 530 621 aliquis
544 537 709 602 Numinis.
743 537 827 600 Inde
840 536 922 600 mihi
939 536 1079 615 initium,
1095 535 1258 598 Attendite

161 640 201 702 ab
219 640 343 719 Atdeis,
368 641 407 703 ab
429 641 599 722 Ephesinis
621 642 687 703 illia
711 641 840 718 Bestiis,
854 640 1019 702 Attendite
1042 639 1082 703 ab
1103 638 1164 717 his,
1189 637 1257 721 qui·

161 742 297 806 buscum
311 763 368 806 vos
384 743 503 806 Paulus
517 743 581 822 hic,
597 765 664 807 una
678 764 798 821 secum,
815 742 856 806 ad
871 739 1108 828 θηριομιιχίιινΣ
1122 748 1224 804 vocat.

150 877 157 895 x
206 845 272 910 Qui
286 867 353 908 non
374 847 421 928 (ut
435 845 493 927 illi)
512 853 638 929 partem
653 846 795 929 aliquam
809 852 991 929 pervertere
1006 845 1188 926 Religionis,
1205 843 1261 907 sed

161 953 265 1010 totam
287 954 447 1027 evertere3
471 956 504 1011 et
526 970 598 1032 quae
619 949 777 1013 hactenus
798 949 924 1012 illibata
942 954 1076 1012 manent
1090 948 1261 1028 Religionis

162 1050 331 1133 Mysteria,
347 1050 387 1114 de
402 1051 572 1130 Trinitate,
593 1051 633 1115 de
648 1052 788 1130 Christo,
812 1051 852 1114 de
874 1051 955 1127 Deo,
978 1071 1059 1113 ausu
1080 1050 1260 1128 temerario,

161 1173 217 1216 ore
246 1153 380 1232 incesto,
406 1161 504 1236 atque
532 1153 639 1238 ipsum
668 1155 756 1218 hunc
786 1175 893 1218 aerem
921 1159 1071 1217 nostrum
1098 1151 1263 1235 pestilenti

162 1254 268 1317 halitu
287 1255 427 1334 afflante,
443 1256 540 1339 idque
555 1257 672 1339 palam,
688 1278 749 1320 nec
773 1256 916 1320 obscuris
936 1256 972 1319 in
994 1255 1082 1333 locis,
1098 1277 1155 1338 per
1173 1256 1262 1338 jocos

161 1357 298 1420 fulmine
318 1357 433 1441 dignos
452 1380 520 1422 non
533 1365 686 1422 verentur
703 1359 872 1422 traducere
881 1383 890 1435 3
914 1365 947 1422 ει
968 1357 1137 1441 prohibeat
1158 1357 1262 1421 adbuc

162 1459 323 1523 deteriora
350 1460 450 1525 Deus.
494 1459 629 1524 Adeone
662 1460 748 1543 apud
776 1481 837 1524 nos
866 1459 1046 1542 elanguisse
1075 1459 1263 1542 Disciplinae

161 1562 303 1645 vigorem
325 1584 464 1642 omnem,
490 1570 529 1627 ut
553 1564 623 1627 haec
652 1564 786 1647 impune
814 1565 938 1628 liceat?
984 1565 1106 1628 Saltem
1130 1565 1175 1627 cd
1196 1566 1262 1642 hos,

163 1687 281 1749 quaese,
305 1668 482 1741 attendite3
520 1669 636 1733 saltem
665 1669 791 1748 horum,
822 1670 903 1734 coelo
934 1676 1030 1753 atque
1060 1676 1165 1748 terrae,
1192 1671 1263 1734 Deo

162 1767 410 1852 hominibusque
434 1770 647 1833 execrandam
669 1771 883 1854 petulantiam
905 1779 1060 1836 coercete.
1106 1774 1155 1836 Ut
1168 1779 1207 1836 ut
1222 1773 1264 1835 ad

163 1877 280 1936 caetera
303 1871 473 1935 connivere
497 1878 622 1935 certum
647 1877 706 1950 εει,
727 1878 760 1936 ει
782 1873 853 1936 Deo
873 1872 998 1936 Vindici
1017 1893 1186 1951 reservare,
1202 1874 1263 1937 hoc

162 1981 269 2040 arcete
293 1974 408 2038 netas:
431 1973 583 2052 sentiant,
607 1994 723 2057 quaeso,
753 1975 788 2038 hi
818 1976 919 2040 aciem
949 1984 1046 2060 atque
1070 1977 1196 2040 aculeos
1225 1976 1264 2058 (si

162 2077 259 2142 modo
287 2082 336 2141 est
362 2076 470 2159 aliqua
493 2075 611 2159 vestra)
640 2077 840 2140 auctoritatis
864 2085 989 2142 vestrae.
1034 2079 1079 2143 Et
1105 2099 1147 2141 en
1171 2077 1262 2142 vohis

147 2200 322 2264 campum,
337 2179 373 2242 in
388 2199 451 2262 quo
466 2199 653 2243 consecrare
668 2180 740 2244 Deo
754 2180 885 2263 possitis
902 2181 1066 2262 primitias
1081 2182 1263 2244 attentionis

161 2289 280 2347 vestre.

207 2386 290 2449 Cum
313 2383 353 2448 ab
376 2383 427 2447 hir
451 2384 627 2448 discessum
650 2391 709 2464 εει,
736 2387 887 2449 attendite
908 2384 949 2448 ad
972 2385 1156 2468 transfugas
1177 2385 1259 2463 illos,

162 2488 298 2550 Romam
322 2488 405 2568 Lepi
429 2486 619 2564 emissarios,
643 2487 801 2569 professos
828 2494 861 2550 et
886 2487 992 2570 Regni
1022 2495 1054 2551 et
1086 2488 1263 2570 Religionis

161 2589 281 2668 hostes,
296 2589 392 2652 tubas
400 2594 440 2651 et
453 2587 540 2652 faces
556 2594 589 2651 et
603 2588 730 2652 flabella
745 2589 950 2668 seditionum,
966 2611 1024 2672 per
1043 2589 1180 2672 triginta
1193 2591 1263 2673 jam

162 2713 283 2768 ann0s3
307 2691 427 2774 quique
449 2711 506 2754 vos
533 2690 678 2773 singulos
704 2690 747 2754 ad
768 2691 899 2769 caedem,
914 2698 1038 2755 vestras
1061 2691 1264 2774 singulorum

165 2795 273 2874 Sedes,
288 2794 423 2858 tertium
442 2793 512 2876 jam
537 2793 599 2856 sibi
618 2792 838 2875 designarunt.
885 2795 949 2857 Per
971 2794 1031 2858 hos
1054 2793 1141 2858 enim
1163 2795 1211 2873 fit,
1226 2801 1264 2857 ιιι

166 2898 361 2980 conprensi
371 2897 427 2960 illa
438 2917 506 2960 non
517 2897 586 2979 jam
598 2916 730 2977 supere,
743 2896 799 2960 sed
809 2897 955 2978 pressari
965 2896 1069 2960 indies
1080 2896 1193 2979 magis,
1204 2917 1265 2960 nec

163 3019 277 3081 agrum
297 2997 430 3062 Domini
452 3006 521 3062 tam
540 2997 657 3062 uberes
682 2997 873 3081 manipulos,
892 3020 953 3063 nec
978 2999 1106 3062 vineam
1132 2999 1265 3062 Domini

162 3107 230 3164 tam
241 3102 340 3184 justae
354 3101 587 3184 magnitudinis
601 3123 689 3179 uvas,
703 3101 744 3164 ab
759 3101 882 3184 aliquot
894 3103 963 3185 jam
979 3103 1071 3165 annis
1085 3102 1177 3181 ferre,
1190 3101 1266 3185 quia

162 3204 325 3268 remissior
339 3203 423 3267 circa
436 3204 508 3268 illos
528 3205 659 3266 attentio
672 3210 785 3267 vestra.

206 3307 324 3388 Neque
346 3327 422 3370 vero
448 3327 522 3370 cum
542 3305 706 3390 AEgyptiis
729 3306 791 3384 his,
815 3306 910 3371 nobis
932 3306 972 3369 lis
986 3307 1101 3384 modo,
1125 3306 1266 3377 ut,olim
1381 3348 1384 3353 -

163 3408 253 3471 Mosi
262 3433 271 3485 3
294 3408 393 3472 etiam
409 3429 483 3471 cum
499 3408 693 3471 refractariis
709 3408 864 3471 Israelitis
888 3429 1023 3490 quoque,
1042 3409 1097 3491 qui
1111 3407 1199 3471 domi
1212 3408 1267 3469 hic

164 3509 220 3574 diu
236 3510 353 3585 ,turbas
374 3509 533 3573 dederunt
548 3509 584 3572 in
599 3509 754 3572 Ecclesia.
801 3510 879 3572 Heu
904 3510 982 3591 quid
1002 3511 1099 3573 faciet
1124 3511 1223 3589 dapne,
1240 3509 1267 3570 si

160 3631 242 3694 pren
263 3613 332 3696 ipse
355 3633 389 3675 se
411 3611 565 3675 devoret?
612 3611 743 3674 Oalma
763 3611 848 3672 Pax!
873 3610 999 3673 nihilne
1022 3611 1091 3692 spei
1105 3611 1267 3691 reliquum

164 3723 222 3793 est,
238 3715 337 3779 semel
348 3721 386 3777 ut
399 3735 457 3797 per
472 3721 506 3777 te
521 3713 677 3777 coalescat
692 3712 859 3775 Ecclesia?
893 3711 928 3774 Si
943 3711 1115 3793 quicquam
1130 3732 1267 3792 usquam

165 3823 223 3896 εει,
240 3817 268 3880 si
281 3817 332 3881 vel
354 3819 493 3880 scintilla
508 3817 559 3880 vel
580 3817 676 3878 tinam
692 3812 883 3896 firmiqensss
898 3814 1000 3876 nolite
1014 3814 1149 3897 (quaeso)
1167 3815 1268 3875 entin-

161 3940 266 4002 pnere.
316 3919 413 3984 Quod
434 3920 462 3982 si
486 3919 541 4001 qui
559 3925 640 3992 tam,
652 3919 715 3980 alte
736 3939 836 4000 aquas
850 3916 989 3980 Meribae
1003 3915 1212 3993 imbiberunt,
1227 3921 1265 3979 ut

164 4028 289 4084 certum
312 4020 354 4082 sit
367 4021 441 4099 illis,
456 4020 565 4103 potius
581 4020 698 4083 coelum
713 4029 809 4082 terrae
824 4018 970 4095 miscere,
987 4039 1084 4100 quam
1098 4024 1136 4080 ut
1151 4017 1266 4080 cedant

165 4124 205 4186 de
220 4123 382 4186 sententia
391 4148 400 4199 3
424 4122 526 4185 audeo
542 4122 657 4200 dicere,
677 4127 710 4184 et
721 4121 808 4184 salva
823 4120 979 4183 charitate
994 4120 1105 4199 audeo,
1121 4120 1266 4182 incidant

165 4225 201 4289 in
216 4227 304 4306 inpos
326 4224 382 4307 qui
403 4224 520 4287 nolunt
541 4223 611 4306 regi
626 4245 646 4286 a
660 4224 804 4285 Pastore.
846 4224 1010 4286 Attendite
1024 4230 1136 4286 tamen
1150 4223 1190 4285 ab
1205 4222 1265 4284 his.

165 4328 254 4390 Nam
284 4325 347 4389 etsi
375 4327 426 4388 hae
457 4325 585 4408 quidem
616 4325 688 4387 lites
717 4345 822 4407 nuper
851 4325 1000 4388 nonnihil
1030 4324 1140 4408 sopitae
1170 4329 1245 4384 sunt
1257 4348 1266 4397 3

198 4461 209 4483 ¹
228 4451 312 4516 [Cous.
327 4453 338 4498 1
350 4451 404 4501 (tor.
418 4467 458 4500 xv.
467 4451 520 4512 32]
652 4459 663 4489 ⁷
680 4450 773 4498 arim.
787 4450 813 4500 ii.
830 4449 867 4500 17.
1034 4451 1043 4473 ⁸
1061 4450 1117 4500 Ean.
1129 4448 1184 4498 xlii.
1197 4449 1218 4496 3.
