2970 4914
269 264 336 331 156
583 314 586 319 .
716 278 923 344 nannenus,

267 435 389 500 Christi
405 438 525 500 uomiue
533 435 721 520 percipiant,
732 437 789 520 qui
798 437 921 501 Christi
935 438 1056 500 nomiae
1067 435 1160 499 nobis
1176 436 1367 499 oeoeatooat.

219 564 221 569 ·
266 539 342 602 Fuit
357 540 444 603 enim
458 540 601 604 human‘a
612 561 738 623 quoque
748 540 982 604 Melchisedeki
997 540 1177 618 benedictio,
1187 545 1220 602 et
1236 538 1368 621 quidem

265 641 301 705 in
313 644 445 724 Christi,
460 630 773 726 impersonatam
788 646 918 708 nomiae.
941 645 1057 708 Manet
1073 665 1149 726 ergo
1164 643 1223 706 sub
1239 643 1368 707 Christo

265 747 541 830 Decimarumjus.

308 850 388 914 Non
417 851 528 934 putavi
554 871 748 934 quemquam
777 857 847 914 tam
872 849 999 913 infelice
1025 849 1121 933 genio
1150 856 1275 926 natum,
1307 847 1365 930 qui

265 950 395 1032 diceret,
412 953 656 1018 Melchisedeko
672 954 763 1018 datas
778 954 926 1017 Decimae
944 954 1099 1036 tanquam
1114 953 1204 1034 Repi.
1250 951 1368 1034 Repeti

265 1055 321 1138 qui
337 1056 456 1120 diceret
464 1083 474 1135 ;
496 1057 612 1135 videte,
629 1078 726 1140 quam
741 1056 810 1120 sine
825 1056 966 1120 cerebro.
1005 1060 1035 1118 1.
1051 1056 1231 1136 Levitejue
1245 1054 1368 1117 habent

266 1160 474 1223 deeimarum:
494 1160 637 1240 Habent,
649 1169 804 1245 tanquam
819 1161 882 1226 Dei
896 1162 1031 1224 amorii:
1048 1161 1093 1224 sio
1108 1167 1177 1224 est:
1203 1159 1267 1223 Sed
1280 1181 1366 1222 nun·

266 1262 344 1345 quid
359 1264 430 1340 Dei,
445 1271 483 1327 ut
499 1266 569 1329 Rex
589 1271 637 1327 est
646 1265 765 1361 *unsi
790 1260 1117 1359 ιιῇπολυκοιρανίηωι
1163 1265 1195 1326 2.
1218 1263 1368 1324 Decimae

264 1387 326 1428 riou
350 1367 509 1448 subjuopit
531 1368 639 1430 Moses
663 1367 762 1449 Repio
786 1357 933 1443 coumoio,
956 1365 1013 1428 sed
1033 1366 1257 1438 tamdictum,-
1281 1364 1368 1447 quod

261 1477 375 1532 'tamen
402 1469 524 1533 factum
548 1471 699 1553 oportuit,
725 1469 753 1533 si
778 1471 844 1556 ejus
867 1470 1000 1547 nomiae,
1030 1476 1184 1552 tanquam
1215 1468 1367 1550 Symbola

148 1608 151 1618 ·
263 1571 377 1635 solutae
401 1580 487 1636 sunt.
532 1566 1216 1666 3u41398iolu³2915st005m532b072Rebilum
1238 1571 1365 1649 astruit,

264 1674 321 1738 sed
336 1675 563 1738 Sacerdotium.
608 1664 785 1755 Postremo,
802 1683 880 1759 quot
893 1676 1092 1756 Iutmpretes,
1105 1680 1154 1737 tot
1170 1675 1365 1736 aduersarii:

263 1777 315 1840 vel
337 1776 479 1841 Rabbini
500 1778 570 1861 ipsi,
595 1799 730 1861 quorum
760 1800 799 1842 ea
823 1786 873 1842 est
896 1779 1001 1861 glossa
1026 1779 1117 1869 ιιἾῸ
1141 1778 1255 1847 trram
1274 1747 1367 1846 ἸΞιἫ

265 1881 413 1943 Decimae
438 1880 527 1943 dedit
547 1881 607 1944 hoc
627 1881 697 1964 ipso
714 1883 844 1960 uomiue,
868 1882 953 1964 quod
976 1883 1131 1945 Sacerdos
1151 1890 1242 1945 esset.
1287 1882 1367 1945 Vim

264 1982 381 2065 ridetis
396 1983 596 2066 argumenti:
621 1992 655 2047 et
669 1983 703 2047 id
716 2006 841 2067 quoque
852 1985 976 2064 videtis,
990 1985 1076 2068 quod
1090 1993 1203 2048 contra
1222 1984 1367 2064 affertur,

268 2086 371 2150 modis
386 2086 535 2151 omnibus
550 2087 665 2151 misere
676 2089 793 2173 jacere.

312 2294 365 2359 Ab
388 2294 574 2359 Abrahamo
594 2293 777 2374 discedam3
801 2317 861 2361 nec
885 2296 919 2360 id
940 2303 1051 2360 tamen
1066 2299 1173 2381 longe.
1218 2253 1371 2362 Proxima

269 2398 350 2460 mihi
364 2398 447 2461 ratio
461 2397 523 2461 erit
538 2419 557 2462 a
573 2399 593 2462 J
595 2398 704 2478 ambo,
720 2407 753 2462 et
768 2398 837 2482 ipso
853 2420 978 2482 quoque
993 2400 1094 2462 Patre
1101 2400 1255 2482 fidetium,
1272 2423 1291 2464 a
1306 2422 1370 2484 quo

269 2508 303 2564 et
314 2502 444 2564 Israelis
458 2501 520 2565 Dei
544 2522 723 2582 cognomen
738 2503 935 2585 accepimus3
959 2509 992 2566 et
1004 2503 1043 2566 de
1055 2525 1118 2586 quo
1132 2525 1198 2581 non
1214 2503 1368 2583 dubitem,

269 2604 428 2687 quomodo
443 2603 482 2668 de
499 2605 578 2667 Sara
592 2605 634 2669 D.
647 2606 762 2670 Petrus
783 2605 969 2685 concludit‚⁰
988 2602 1029 2674 ds
1046 2603 1156 2692 Σάρρα
1177 2602 1370 2688 ὑπήκουσεν,

268 2715 306 2770 ut
320 2707 377 2770 illa
388 2708 530 2784 obedivit,
542 2707 655 2771 itidem
667 2715 700 2772 et
715 2730 779 2773 vos.
824 2709 858 2771 Is
874 2729 950 2791 ergo
960 2710 1025 2772 voti
1036 2730 1069 2772 se
1080 2729 1166 2771 reum
1179 2709 1257 2772 facit
1272 2710 1369 2791 (Gen.

271 2809 406 2894 [x]xviii.
425 2808 605 2894 [20-]22.)
654 2811 691 2874 Si
704 2809 808 2892 fierit
825 2812 977 2874 Dominus
991 2832 1117 2891 meeum,
1133 2818 1164 2875 et
1184 2811 1371 2876 custodierit

269 2933 332 2990 me,
358 2910 538 2994 dederitque
560 2914 637 2976 mibi
666 2935 783 2997 panem
809 2914 854 2976 ad
878 2915 1104 2994 comedendum,
1129 2921 1159 2978 et
1185 2922 1305 2978 vestem
1328 2915 1372 2978 ad

269 3015 483 3094 iuduoeudum,
500 3022 565 3079 tum
580 3017 728 3098 quicquid
743 3017 820 3079 mibi
838 3016 971 3096 dederit,
988 3018 1054 3100 ejus
1069 3018 1225 3081 decimam
1240 3040 1371 3082 omnem

195 3161 203 3174 .
231 3152 235 3164 ·
268 3117 401 3181 catomo
422 3138 490 3181 oum
511 3119 575 3182 Illi.
620 3118 747 3183 Dabitis
774 3118 862 3202 (scio)
885 3141 952 3184 non
978 3141 1046 3184 esse
1071 3122 1155 3184 hanc
1178 3119 1370 3205 ἐθελοθρησ-

270 3218 400 3284 ateva:
423 3227 546 3284 emeret
568 3220 655 3285 enim
674 3228 746 3285 tum
764 3222 785 3285 J
787 3222 904 3286 acobus
921 3222 1006 3306 quod
1025 3224 1185 3287 Dominus
1201 3224 1370 3290 deuoueret.

271 3323 380 3402 Proin,
399 3324 521 3387 Dioirm
542 3324 696 3387 voluntati
717 3323 828 3390 nixus:
857 3327 1035 3390 Voluntatis
1056 3326 1214 3410 interpres
1230 3347 1370 3409 precep-

271 3432 346 3489 tum.
391 3427 491 3490 Porro
502 3428 655 3510 precepti
668 3427 751 3491 ratio
765 3449 895 3492 necesse
910 3435 960 3492 est
973 3436 1011 3493 ut
1033 3429 1096 3492 ista
1115 3429 1194 3492 siet:
1228 3429 1290 3493 Cui
1304 3433 1371 3493 bec

271 3531 432 3594 Dominus
455 3551 592 3614 cumque
613 3531 798 3614 praestiterit
817 3553 888 3615 quae
908 3533 929 3595 J
931 3532 1039 3610 aoobo,
1060 3532 1089 3595 is
1112 3532 1223 3595 eadem
1245 3555 1372 3616 quoque

272 3634 414 3699 Domino
430 3637 494 3717 depe
508 3641 665 3698 teneatur.
710 3635 808 3714 Nm,
824 3636 860 3699 ni
873 3635 921 3698 ita
938 3635 989 3714 sit,
1004 3635 1127 3698 incerta
1146 3636 1207 3699 erit
1219 3638 1372 3717 precepti

272 3739 365 3817 ratio,
380 3745 450 3801 tum
467 3744 667 3820 preceptum,
683 3737 758 3802 dein
773 3740 1008 3820 comequeutia;
1036 3739 1147 3801 Votum
1161 3739 1266 3820 ipsum
1281 3738 1373 3802 deni-

274 3862 345 3923 que.
379 3841 438 3904 Sin
452 3841 522 3905 haec
536 3841 618 3904 ratio
633 3840 757 3903 ratione
771 3841 867 3923 plena
878 3847 936 3919 est,
949 3847 982 3904 et
993 3840 1046 3923 (ut
1056 3861 1114 3924 par
1125 3842 1184 3923 est)
1201 3838 1373 3905 ἐπιείκεια(ι

273 3945 343 4027 ejus
366 3943 407 4006 ad
428 3964 539 4007 omnes
562 3943 696 4006 difflua:
727 3943 846 4027 Ecquis
867 3944 965 4007 homo
983 3951 1042 4021 est,
1062 3944 1117 4026 qui
1135 3944 1291 4007 indictam
1311 3944 1373 4008 sibi

272 4046 356 4108 hano
374 4034 469 4127 lepem
489 4045 631 4128 negabit,
656 4045 711 4128 qui
732 4045 788 4108 illa
811 4047 920 4109 omnia
940 4053 972 4110 et
995 4046 1114 4110 habere
1138 4068 1172 4111 se
1196 4069 1215 4110 a
1235 4048 1316 4125 Deo,
1339 4055 1373 4135 et

272 4155 404 4231 accepta
426 4170 459 4212 se
482 4150 552 4213 Deo
566 4149 685 4213 referre
699 4148 860 4213 fateatur?

272 4386 274 4390 μ
303 4331 320 4354 ”¹
337 4323 358 4372 0
370 4323 467 4386 Regum
478 4323 672 4375 multitudinem
682 4327 690 4375 t
875 4336 886 4360 ⁰
901 4329 915 4376 ’1
930 4327 1011 4391 [Pet]
1026 4327 1064 4378 iii.
1078 4327 1126 4392 [6.]
1251 4382 1254 4388 ,

303 4396 315 4418 ¹¹
335 4388 459 4446 Quoniam
481 4393 535 4439 erat
556 4389 681 4440 Sacerdos.
721 4384 799 4455 [Vide
874 4401 885 4432 ¹²
903 4391 1082 4442 voluntarium
1093 4393 1196 4442 cultum.
1210 4391 1272 4458 [001.
1283 4393 1311 4443 ii.
1321 4393 1372 4459 23]

269 4452 357 4503 Jarohi
368 4453 510 4504 Oomment.
520 4455 548 4504 in
559 4454 620 4504 Gen.
633 4456 684 4505 xio.
696 4457 748 4522 m]
864 4465 886 4519 ,t
902 4457 1024 4520 AEquitas
