2970 4914
268 255 310 320 78
613 267 730 317 cosmo
751 267 867 316 naama
888 266 1017 328 anana

260 432 379 491 mestre
391 424 633 490 dimetiendam.
667 424 780 489 Sciant
791 424 888 489 etiam
900 445 989 488 oram
1001 425 1068 509 jam
1086 423 1254 503 solventes,
1268 445 1364 506 quam

261 529 434 594 Connubio
455 529 542 607 huic,
562 529 678 592 ultimo
699 528 791 611 quasi
814 528 937 610 spiritu,
958 527 1034 591 laeta
1055 527 1164 591 omnia
1186 527 1363 610 cupiamus.

264 634 377 698 Sciant
399 639 509 698 autem
532 653 571 696 ex
590 633 652 696 hoc
667 633 773 696 Versu
792 631 877 695 bene
892 631 1042 695 ominatis
1057 631 1226 714 Prophetae
1240 632 1364 696 verbis:

261 738 364 821 Cujus
386 757 446 800 nos
467 735 564 800 hodie
584 735 620 799 in
642 742 716 800 vota
740 734 952 812 succedimus,
968 741 1064 818 atque
1085 734 1121 797 in
1141 734 1253 798 eadem
1267 735 1365 799 verba

259 861 422 917 vovemus,
437 840 484 902 Et
495 839 654 922 paudebit,
667 839 723 902 &c
738 838 798 916 vel,
815 838 862 900 Et
873 838 1021 920 paudeat,
1039 838 1094 902 iac.

194 972 200 1022 5
307 943 463 1005 Gaudebit
478 942 568 1027 enirn
582 941 636 1023 hic
650 940 833 1024 legepdum,
844 961 886 1003 an
898 941 1045 1022 paudeat,
1057 939 1145 1003 haud
1155 940 1248 1004 facile
1264 940 1362 1006 dictu.

260 1045 340 1110 Ideo
366 1052 475 1109 autem
501 1044 589 1108 hand
612 1045 715 1122 facile,
740 1043 827 1127 quod
850 1043 1005 1122 Hebraeis,
1022 1064 1096 1106 cum
1120 1043 1201 1107 desit
1226 1045 1364 1126 Optaudi
1388 1103 1394 1115 ,

261 1149 379 1228 medua,
395 1149 443 1223 fit,
458 1153 506 1227 ut,
529 1147 681 1230 quicquid
704 1152 827 1230 optant,
852 1145 887 1208 id
909 1147 975 1210 fere
989 1145 1216 1230 perfuturum
1233 1154 1363 1231 tempus

261 1251 406 1316 efferant.
454 1252 556 1334 Saepe,
568 1256 606 1313 ut
621 1250 729 1336 minus
743 1250 876 1333 liqueat,
888 1249 963 1312 idne
978 1249 1055 1313 velit
1071 1249 1176 1313 dicere
1191 1250 1362 1334 Propheta,

266 1356 392 1418 Uticam
414 1356 472 1420 boc
486 1355 533 1416 itu
554 1354 617 1426 ait,·
641 1352 727 1436 quod
742 1359 790 1416 est
804 1360 916 1416 votum
930 1352 1092 1436 optantis:
1117 1355 1171 1416 An
1192 1374 1277 1431 vero,
1292 1354 1363 1416 Hoc

254 1479 317 1540 pro
333 1463 417 1520 certo
432 1458 551 1520 sic'crit
559 1481 570 1529 ,·
595 1455 681 1538 quod
696 1462 744 1519 est
758 1455 947 1520 vaticinium
961 1455 1146 1519 divinantis.

305 1561 429 1624 Verum
444 1559 531 1623 enim
545 1559 639 1623 litem
648 1558 733 1622 hanc
747 1559 784 1622 in
797 1558 931 1642 proclivi
944 1558 1039 1622 nobis
1054 1579 1253 1642 componere.
1276 1559 1364 1623 Vota

261 1663 349 1729 enim
372 1683 468 1727 nemo
491 1662 579 1742 tacit,
601 1661 665 1726 nisi
692 1662 875 1746 auspicato:
902 1662 999 1726 vellet
1017 1669 1106 1727 vates
1124 1684 1201 1741 esse,
1218 1663 1362 1747 quisquis

260 1773 364 1832 vovet.
408 1767 528 1831 Parum
544 1787 620 1850 ergo
633 1765 688 1830 hic
702 1765 858 1834 interest:
881 1766 936 1829 Ita
949 1765 1014 1848 legi
1035 1772 1151 1848 potest,
1166 1765 1213 1829 Et
1224 1767 1362 1848 paudeat

262 1875 413 1952 Spoaeua,
430 1876 463 1934 et
478 1869 539 1934 erit
554 1875 675 1934 votum.
720 1869 831 1933 Potest
846 1869 951 1932 etita:
974 1868 1021 1932 Et
1035 1869 1193 1932 Gaudebit
1205 1870 1343 1951 Sponsus
1351 1896 1362 1945 ;

261 1975 306 2038 Et
329 1973 414 2058 quod
433 1973 496 2038 fuit
517 1979 637 2052 votum,
658 1973 715 2039 fiet
737 1971 935 2055 paticinium.
980 1973 1030 2037 Ac
1054 1979 1123 2037 esto
1149 1973 1278 2056 quidem
1294 1975 1363 2057 jam

261 2077 355 2142 nobis
369 2082 472 2141 uotum
486 2076 548 2140 hoc
561 2075 644 2140 hene
659 2074 875 2139 eminentium
883 2101 893 2153 ς
920 2077 1083 2141 Gaudeat.-
1106 2083 1210 2140 vertat
1231 2077 1267 2140 in
1282 2080 1363 2141 uati-

261 2181 376 2244 ciuium
385 2181 471 2243 Deus
479 2199 552 2243 vere
566 2177 828 2262 prophetantium
837 2204 847 2256 ;
864 2179 1028 2244 Gaudebit.
1058 2181 1108 2244 De
1120 2201 1184 2263 quo
1194 2180 1280 2245 bona
1290 2203 1361 2266 spes

260 2289 320 2347 est.
366 2283 456 2349 Nam
470 2281 526 2365 qui
540 2281 633 2365 praeit
647 2279 741 2345 nobis
755 2287 867 2346 votum
882 2281 944 2346 hoc
962 2282 1110 2366 (Esaias),
1126 2284 1287 2367 Propheta
1302 2293 1360 2348 est.

260 2387 311 2453 Ex
325 2406 380 2451 ore
395 2385 567 2470 Prophetae
581 2405 656 2448 cum
676 2383 730 2463 sit,
745 2391 920 2468 utrumque
934 2386 1006 2464 erit,
1029 2385 1126 2449 simul
1139 2393 1252 2466 cotum,
1268 2387 1364 2450 simul
1420 2397 1425 2406 '

259 2491 450 2554 vaticinium.
496 2489 551 2556 Ita
564 2509 640 2552 vero
655 2487 707 2565 sit,
723 2488 832 2552 Deum
845 2509 1035 2552 veneramur
1054 2509 1183 2553 omnes:
1207 2490 1251 2554 Et
1267 2512 1362 2573 quem

260 2612 412 2657 vocamus
427 2591 463 2655 in
476 2597 553 2655 vota
567 2590 684 2670 Deum,
702 2589 797 2654 Idem
810 2597 886 2655 vota
898 2590 1000 2655 bonos
1015 2590 1112 2657 ducat
1126 2592 1162 2655 in
1177 2593 1281 2656 exitus
1289 2603 1310 2658 ⁰.

306 2795 449 2860 Genium
460 2794 585 2859 vidistis
602 2793 776 2884 Scriptura
790 2793 906 2878 hujus:
919 2796 988 2880 jam
999 2802 1032 2859 ct
1047 2802 1154 2880 partes
1168 2798 1361 2882 cognoscite.

264 2899 430 2978 Gaudebit,
454 2905 566 2964 votum
594 2918 708 2977 unum,
734 2919 795 2962 vox
823 2920 911 2977 una;
944 2899 1122 2963 Sedenim
1150 2901 1200 2965 bis
1226 2903 1363 2986 repetita

259 3001 433 3085 (Gaudebit
469 3001 617 3083 Sponsus,
651 3001 806 3064 Gaudebit
823 3002 937 3086 'Deual
978 3003 1143 3086 geminum
1176 3005 1271 3070 nohis
1307 3006 1363 3070 dat

261 3103 426 3187 gaudium,
442 3103 522 3168 duos
538 3104 628 3187 quasi
641 3125 709 3168 uno
724 3104 763 3168 de
778 3103 869 3168 fonte
888 3105 1018 3170 rivulos.
1064 3107 1130 3170 Seu
1149 3107 1246 3190 (quod
1263 3110 1360 3192 malo)

260 3227 328 3273 non
343 3206 462 3271 rivulos
477 3206 576 3270 duos:
599 3206 688 3290 prior
707 3207 794 3271 enim
813 3207 935 3272 rivulus
955 3209 1072 3288 modo;
1095 3211 1259 3294 posterior,
1279 3211 1361 3276 fons.

262 3310 419 3382 ,Gaudebit
440 3309 596 3391 Sponsa
627 3310 706 3374 Esto
728 3310 782 3374 hic
807 3311 949 3376 rivulus:
992 3313 1147 3377 Gaudebit
1169 3315 1264 3394 Deus,
1288 3315 1361 3379 fons

261 3418 341 3479 esto.
373 3411 507 3477 Arescet
521 3411 586 3476 cito
601 3412 688 3496 prior
701 3411 765 3493 1116,
779 3413 844 3477 nisi
858 3413 898 3478 de
912 3414 974 3479 hoc
989 3416 1080 3498 quasi
1090 3415 1179 3481 fonte
1191 3417 1360 3483 derivetur.

260 3517 315 3580 Ita
343 3515 503 3580 convenit.
558 3515 742 3581 Hilaritatis
771 3524 891 3588 nostrae
920 3519 1024 3584 omnis
1053 3520 1175 3585 rivulus
1205 3522 1245 3586 de
1273 3522 1362 3586 fonte

79 3613 82 3619 ’
164 3643 171 3667 ι
193 3645 196 3649 ·
261 3619 430 3683 ducendus
444 3617 584 3703 pietatis.

304 3723 325 3787 J
327 3744 380 3786 am
389 3722 539 3806 inpriore
553 3722 610 3786 illo
622 3723 759 3804 Spousua
771 3723 953 3808 subjectum
968 3731 1017 3788 est
1025 3750 1035 3802 3
1052 3726 1183 3806 Sponsa,
1199 3725 1361 3810 objectum

261 3825 381 3908 gaudii.
428 3826 545 3910 Sponsi
573 3826 662 3890 enim
692 3826 846 3909 gaudium
875 3848 971 3892 omne
1000 3828 1037 3891 in
1064 3829 1222 3911 Sponsam
1248 3830 1360 3908 fertur,

263 3929 418 3992 Gaudebit
439 3930 576 4008 Sponsus
598 3947 692 4010 super
716 3928 878 4010 Sponsam.
923 3930 986 3994 Dei
1009 3937 1121 3994 autem
1139 3933 1304 4013 posterior,
1328 3936 1361 3997 iu

263 4031 305 4094 Te
316 4031 508 4105 :Gaudebit
529 4052 622 4114 super
649 4037 688 4098 te.
732 4032 800 4097 Te?
824 4035 946 4115 quam?
991 4033 1203 4105 Circumferte
1224 4058 1298 4101 vero
1320 4037 1362 4100 ad

259 4133 473 4216 praecedentia
488 4135 595 4198 oculos
607 4161 617 4213 3
641 4134 739 4198 etiam
754 4135 795 4198 ad
810 4137 985 4219 sequentia.
1030 4139 1133 4202 Nulla
1146 4139 1193 4203 ibi
1214 4162 1360 4224 usquam,

259 4236 326 4301 nisi
340 4235 380 4300 de
397 4235 494 4300 Sionc
508 4237 639 4303 mentio.
684 4238 738 4318 Te,
756 4239 835 4303 Sion
849 4239 958 4324 igitur,
971 4242 1025 4320 Te,
1041 4243 1167 4326 popule,
1181 4244 1362 4326 TeSpousa

260 4339 333 4415 Dei.
379 4339 495 4406 Dicam
518 4340 606 4411 enim
629 4341 788 4425 quadres
810 4349 878 4408 est:
901 4345 1072 4429 utrobique
1089 4346 1143 4412 hic
1160 4348 1298 4429 Sponsus
1312 4355 1362 4412 cst

536 4521 538 4524 .
604 4468 679 4532 θ[(11.
691 4467 753 4518 Hor.
766 4467 848 4535 Garun
861 4470 907 4522 lv.
919 4473 940 4522 8.
954 4472 1013 4536 84.].
1138 4517 1141 4521 ⁴
