2970 4914
269 257 314 321 98
585 273 629 322 un
649 272 882 326 surmuamno
893 255 1042 345 ἐπάκτφε

312 429 363 493 Ac
376 435 414 492 ut
438 428 663 514 antiquissima
683 437 717 495 et
739 430 862 514 prima:
885 430 933 494 ita
948 429 1209 513 frequentissima
1230 434 1263 493 et
1284 448 1369 512 pene

270 532 338 595 sola
365 532 501 616 hujusce
530 533 664 597 mentio.
721 533 796 598 Hoc
824 533 931 618 ipsum
963 534 1100 616 (jurare)
1137 533 1192 596 vix
1227 532 1370 616 reperias

269 656 408 718 usquam
430 635 466 698 in
487 637 694 701 Testamento
717 637 828 712 veteri,
848 637 913 700 nisi
936 637 988 701 vel
1012 636 1071 700 sub
1095 637 1209 718 Hipln'l
1220 662 1230 698 .·
1253 635 1288 698 id
1308 641 1370 713 est,

270 739 496 822 conjugatione
511 739 711 823 praeceptiva,
727 739 853 804 ratione
868 739 1064 803 deferentis:
1085 739 1137 803 vel
1152 738 1211 803 sub
1227 739 1350 820 Niptal
1358 765 1368 800 .-

268 841 375 921 idest,
392 842 618 927 conjugatione
632 842 765 926 passiva,
781 843 906 906 ratione
923 841 1135 925 suscipientis.
1179 841 1370 924 Eodemque

266 945 340 1029 jure
355 953 388 1011 et
404 947 511 1012 Graeci
532 953 619 1027 sunt,
635 946 721 1030 apud
736 968 814 1030 quos
836 945 927 1033 ὅρκος
947 947 969 1010 J
970 945 1133 1009 uramenti
1154 966 1274 1009 nomen
1296 952 1368 1023 est;

269 1050 356 1133 quod
384 1051 451 1114 fere
481 1051 586 1114 solum
624 1051 661 1114 in
689 1051 898 1115 Testamento
927 1051 1022 1114 Novo
1054 1047 1193 1132 Spiritus
1232 1049 1371 1112 Sanctus
1405 1069 1408 1075 ·

269 1153 424 1237 agnoscit.
469 1154 529 1217 Est
550 1153 587 1216 in
612 1174 650 1218 ea
671 1174 747 1218 voce
769 1160 935 1218 coarctans
960 1151 1107 1237 quaedam
1129 1150 1311 1231 necessitas,
1335 1158 1370 1214 et

271 1257 320 1340 (ut
349 1257 537 1340 loquuntur)
564 1256 735 1340 exigentia,
761 1277 830 1321 non
857 1257 966 1320 minus
991 1277 1088 1339 quam
1113 1254 1149 1317 in
1171 1252 1270 1340 ἕρκος.
1314 1253 1369 1317 Ab

268 1359 381 1423 eadem
395 1359 482 1422 enim
496 1380 582 1438 voce,
597 1381 659 1424 vox
672 1367 820 1443 utraque,
834 1378 953 1442 nempe
972 1360 1028 1422 τοῦ
1043 1354 1157 1443 ἔργειν,
1173 1355 1367 1420 coarctandi.

268 1463 468 1545 Illorumque
496 1463 664 1545 proverbio
693 1463 900 1527 decantatum
925 1468 984 1540 est,
1013 1457 1109 1547 ὅρκον
1136 1456 1191 1522 καὶ
1213 1454 1368 1539 πόλεμον,

268 1565 389 1629 bellum
421 1572 454 1628 et
482 1565 720 1649 jusjurandum,
747 1561 899 1629 ἐπιδεκτὰ
926 1561 1020 1641 rard,
1045 1562 1080 1625 id
1101 1567 1159 1640 est,
1192 1567 1369 1644 spontanea

268 1668 353 1730 mala
379 1688 467 1731 esse:
500 1675 533 1730 et
557 1675 596 1730 ut
616 1667 703 1732 bona
725 1667 799 1746 sint,
823 1665 969 1731 ε’πωιτὰθ
991 1686 1059 1730 esse
1081 1664 1215 1742 debere3
1242 1663 1277 1726 id
1303 1670 1365 1742 est,

261 1791 375 1851 pressa
396 1777 427 1834 et
450 1791 596 1852 expressa
624 1771 671 1854 (ut
697 1771 776 1834 scite
798 1770 1002 1855 Augustinus
1025 1769 1065 1833 de
1087 1767 1303 1853 juramentis),
1318 1769 1370 1830 ccl

268 1875 455 1937 auctoritate
479 1872 654 1955 deserentis,
677 1875 727 1937 vel
743 1875 853 1937 saltem
868 1875 984 1937 duritie
1005 1895 1066 1937 ooo
1084 1870 1273 1937 credentiae
1318 1872 1369 1936 Ut

267 1977 331 2041 nisi
346 1977 452 2061 aliquo
468 1977 583 2042 saltem
597 1977 703 2057 modo,
719 1984 816 2062 atque
831 1978 938 2061 aliqua
955 1979 1026 2061 (nec
1040 1978 1115 2061 levi)
1139 1999 1243 2056 causa,
1260 1977 1367 2060 exiga-

268 2087 332 2160 tur,
344 2075 503 2169 peccetur,
519 2088 590 2145 tum
601 2081 824 2166 jurejurando,
839 2089 911 2145 tum
922 2081 1149 2165 belligerando.
1180 2081 1276 2164 Exigi
1291 2102 1369 2164 ergo

267 2205 369 2268 posse,
385 2184 435 2248 vel
450 2184 566 2248 debere
580 2185 697 2268 potius,
712 2185 781 2269 ipsa
795 2191 930 2264 naturae,
945 2185 1016 2269 ipsa
1029 2185 1114 2249 vocis
1129 2184 1186 2263 vis,
1202 2182 1330 2248 evincit.

310 2289 341 2351 2.
368 2287 432 2351 Sed
446 2287 594 2372 nunquid
609 2311 629 2353 a
643 2288 862 2372 Magistratu?
888 2287 1045 2372 (secunda
1056 2287 1125 2373 jam
1139 2287 1209 2351 haec
1225 2307 1369 2371 propago

268 2389 340 2472 est.)
389 2390 494 2470 Certe,
511 2390 748 2474 aMagistratu.

312 2493 366 2558 Sic
380 2494 458 2558 olim
473 2494 637 2579 Theologi,
653 2496 732 2560 Non
746 2493 842 2559 modo
857 2493 1004 2578 quodque
1019 2513 1141 2578 corpus,
1158 2491 1214 2557 sed
1225 2492 1366 2558 animam

266 2595 353 2660 adeo·
375 2619 543 2680 quamque,
571 2598 790 2662 Potestatibus
816 2598 994 2683 subjectam
1023 2606 1117 2660 esse‘.
1160 2597 1241 2660 Esse
1265 2595 1368 2679 igitur

209 2738 221 2765 a
265 2699 424 2764 Potestati
439 2701 557 2766 factam
572 2707 776 2786 potestatem,
791 2708 829 2764 ut
843 2722 958 2785 corpus
972 2700 1079 2765 tradat
1098 2699 1249 2765 custodiae
1263 2699 1366 2764 incar-

139 2800 147 2813 '
262 2804 411 2883 cerando,
434 2825 476 2868 ne
499 2825 562 2888 quo
584 2804 746 2888 aufugiat:
769 2803 849 2869 Esse
871 2803 995 2883 itidem,
1018 2809 1056 2866 ut
1076 2803 1217 2867 animam
1239 2825 1366 2887 quoque

260 2905 369 2970 tradat
392 2907 545 2971 custodiae
567 2927 642 2986 suae,
662 2906 873 2991 jurejurando
880 2931 891 2986 3
913 2927 957 2970 ne
981 2928 1044 2990 quo
1065 2906 1185 2971 sedicet
1205 2907 1365 2972 subterfu-

261 3007 338 3090 giat.
385 3008 459 3074 Quo
480 3008 612 3072 nomine
632 3008 795 3092 aptissime
815 3009 903 3074 Deus
920 3009 987 3092 ipse
1010 3009 1100 3089 dixit,
1125 3009 1361 3094 Jusjurandum

263 3113 344 3180 tvm
359 3113 458 3190 508,
474 3111 509 3175 id
524 3117 582 3191 est,
600 3111 715 3175 animae
728 3111 894 3176 vinculum
909 3112 975 3176 sive
995 3111 1178 3193 carceremf,
1196 3134 1259 3197 quo
1274 3113 1365 3196 quasi

262 3213 503 3298 constringatur
523 3214 649 3279 anima:
673 3213 847 3278 constricta
867 3215 1010 3299 apposite
1025 3223 1058 3279 et
1073 3216 1219 3299 expedite
1233 3237 1365 3300 respon-

264 3317 339 3381 dere
353 3323 510 3382 teneatur.
555 3317 680 3382 Verum
701 3315 788 3382 intro
808 3317 914 3382 adhuc
931 3318 1039 3402 magis.
1087 3319 1123 3383 Si
1143 3319 1285 3384 Domino
1302 3320 1365 3384 hoc

263 3420 341 3485 licet
356 3421 393 3484 in
409 3442 545 3500 servum,
567 3431 605 3484 ut
623 3421 792 3500 Abrahaess,
808 3421 835 3484 si
851 3421 937 3505 patri
956 3421 991 3484 in
1009 3421 1122 3501 filium,
1137 3429 1176 3486 ut
1193 3423 1215 3486 J
1216 3422 1315 3487 acobo
1328 3422 1365 3488 in

265 3523 472 3608 Josephuml,
484 3524 511 3588 si
525 3523 617 3588 fratri
631 3525 666 3589 in
681 3525 823 3605 fratrem,
839 3532 877 3588 ut
893 3525 996 3589 eidem
1012 3526 1033 3589 J
1035 3525 1134 3590 acobo
1148 3526 1183 3589 in
1196 3525 1364 3606 manuni,

262 3649 379 3711 nempe
391 3627 519 3711 adigere
535 3628 575 3690 ad
586 3627 825 3712 juramentum:
842 3628 965 3712 Utique
979 3629 1111 3692 meliore
1124 3628 1159 3691 id
1170 3629 1244 3712 jure
1254 3629 1364 3693 licebit

263 3730 471 3814 Magistratui
494 3731 530 3794 in
551 3731 725 3810 subditum,
742 3732 832 3816 cujus
854 3731 1025 3816 imperium
1040 3731 1129 3795 omni
1144 3732 1206 3796 alio
1228 3732 1364 3816 imperio

262 3835 469 3898 excellentius
485 3841 543 3898 est.
588 3833 682 3898 Addo
697 3835 805 3913 etiam,
822 3835 850 3897 si
865 3835 905 3899 de
919 3835 981 3899 rite
1002 3834 1187 3900 collocando
1201 3836 1237 3899 in
1251 3835 1362 3899 matri-

260 3936 407 4000 monium
429 3937 494 4000 filio
515 3937 550 4000 id
571 3937 676 4015 liceat,
699 3943 736 4001 ut
751 3929 891 4001 Abrahae
913 3959 1060 4003 servum:
1085 3937 1113 4000 ai
1134 3938 1173 4002 de
1196 3939 1363 4003 commodo

295 4112 304 4137 ²
322 4105 455 4170 ['Eranros
466 4105 541 4170 ὅρκος,
553 4109 591 4172 ἐφ’
602 4105 630 4158 ὃν
640 4106 719 4173 ἔτερος
728 4108 791 4170 ἄγει·
834 4112 847 4171 i
860 4111 882 4158 9.
895 4109 951 4172 Op..
961 4111 1022 4158 tom.
1033 4109 1073 4158 iii.
1083 4109 1129 4160 col.
1141 4111 1213 4160 2664.
1225 4108 1252 4160 0.
1261 4108 1305 4173 Ι).]

262 4171 305 4220 οὐκ
318 4171 603 4235 atealpsros.-Hasyoh.
615 4173 643 4222 in
653 4173 720 4237 voc]
866 4181 876 4206 ⁸
893 4173 965 4223 Rom.
977 4173 1033 4224 xiii.
1045 4175 1069 4223 1.

294 4233 306 4265 ‘¹
324 4234 350 4312 [“
361 4234 410 4284 Sed
421 4250 473 4284 non
483 4240 522 4285 est
533 4240 620 4287 contra
635 4241 790 4301 praecaptum
865 4236 875 4269 ¹
895 4237 973 4287 Num.
985 4255 1043 4300 xxa.
1056 4239 1095 4290 18.

257 4297 361 4361 juratio,
373 4300 535 4362 quaaamalo
550 4305 590 4351 eat
605 4316 657 4351 non
670 4302 789 4366 jurantis,
864 4302 956 4353 ‘Gen
967 4304 1036 4353 xxiv.
1049 4306 1073 4353 3.

261 4363 306 4412 sed
317 4363 502 4414 incredulitatis
513 4365 574 4428 ejus,
583 4366 624 4415 cui
631 4367 717 4430 jurare
725 4367 789 4428 cogi·
864 4366 876 4398 ¹¹
894 4367 955 4417 Gen.
967 4368 1037 4418 xlvii.
1049 4370 1089 4418 29.

260 4427 382 4478 tur.’'-S.
395 4427 461 4490 Aug.
478 4427 571 4493 llxpoa.
588 4430 669 4494 Epist
687 4431 720 4482 ad
734 4431 788 4481 Gal.
866 4431 872 4463 ¹
894 4432 957 4482 Gen.
969 4448 1028 4483 xxv.
1042 4436 1082 4483 38.
1201 4451 1212 4466 ·=
