2970 4914
504 283 625 346 qmuro
646 283 794 349 ruousn,
819 270 913 335 1606.
1215 273 1256 336 57

158 410 191 506 el
210 440 289 605 puio
313 439 460 522 tempori,
477 447 572 525 atque
595 442 698 519 nobis,
721 442 880 525 peculiare
907 441 979 526 est,)
999 441 1129 525 quod,o
1150 443 1257 525 plodio

158 565 233 606 mar
255 564 304 606 ao.

206 565 255 709 Ly
261 645 377 709 Dicam
392 645 542 727 primum,
555 645 594 711 de
610 648 738 730 Regum
753 647 855 712 salute
871 647 1059 732 generatim,
1072 647 1174 730 deque
1189 647 1258 731 ejus

158 755 230 812 tum
245 768 351 825 causa,
367 754 438 810 tum
453 748 550 812 modo
565 749 731 814 donandae.

202 853 232 915 2.
256 851 345 928 Post,
361 850 400 913 de
417 850 538 913 Davide
555 853 643 935 Rege
657 851 803 917 liberato.

201 957 232 1018 3.
257 956 433 1032 Postremo,
450 954 489 1018 de
506 956 635 1020 Nostr0.

206 1127 278 1200 Qun
293 1147 347 1210 epo
364 1128 436 1189 dum
450 1129 498 1191 alc
511 1129 634 1211 mapula
650 1129 845 1209 complectar,
863 1135 914 1215 ξε.

417 1508 489 1588 Ipse
503 1513 550 1570 est
565 1509 617 1589 qai
632 1508 689 1570 dat
702 1509 833 1570 sulutem
848 1507 993 1589 Repibaa.

204 1661 256 1723 ΒΕ
278 1660 373 1724 Thesi
387 1661 528 1744 primum
542 1661 657 1746 recepi.

124 1823 126 1826 .
250 1764 309 1836 Qui
324 1765 381 1827 dut
394 1766 546 1828 salutem:

250 1867 310 1939 Qui
324 1868 382 1930 dot
395 1868 541 1950 Regilla.

161 1969 409 2050 salutemdare,
433 1972 635 2035 servatorem
659 1993 693 2035 se
718 1979 878 2055 praestare,
905 1989 1007 2054 usque
1031 1969 1111 2033 adeo
1134 1968 1261 2032 Divinae

159 2079 283 2136 naturae
302 2073 452 2137 convenit
461 2099 471 2152 3
494 2081 532 2138 ut
551 2074 632 2138 illud
652 2075 713 2139 sibi
728 2076 817 2139 Deus
834 2073 923 2158 quasi
937 2074 1082 2138 nativum
1097 2072 1261 2156 proprium

161 2195 198 2237 ac
211 2175 370 2257 peculiare
384 2175 535 2242 vindicet.
573 2178 648 2241 Eua.
663 2177 741 2242 xliii.
753 2179 806 2242 ll.
844 2177 924 2259 Epo,
941 2197 995 2259 epo
1010 2197 1087 2254 sum,
1103 2181 1134 2237 et
1142 2179 1261 2255 proter

161 2277 217 2339 Me
232 2297 293 2339 noa
307 2283 353 2339 eat
369 2278 528 2344 smator.
574 2280 627 2343 Ita
643 2280 793 2344 Servatur
807 2287 874 2343 est:
901 2279 1047 2344 servabit
1061 2277 1169 2360 igitur.

204 2382 248 2444 Et
263 2381 394 2464 quidem
409 2384 544 2446 homines
559 2389 589 2447 et
598 2384 742 2467 jumento
764 2384 900 2447 sonabit
924 2384 1023 2461 Deus,
1038 2388 1106 2445 tam
1126 2379 1261 2463 insignis

162 2491 210 2548 est
235 2483 452 2548 misericordia
477 2486 575 2570 Ejus:
610 2487 655 2550 ait
681 2487 843 2570 Propheta
871 2494 990 2565 noster,
1021 2486 1094 2548 Psa.
1109 2482 1212 2547 xxxvi.
1230 2485 1261 2547 7.

163 2589 217 2652 lta
237 2587 333 2650 bruta
353 2609 479 2672 quoque
499 2595 616 2652 natura
639 2589 786 2653 salvificae
808 2589 844 2652 in
866 2590 937 2652 Deo
957 2587 1086 2652 virtutis
1106 2585 1264 2671 particeps

162 2697 229 2755 est:
254 2691 327 2775 Ipse
343 2696 402 2769 est,
419 2691 474 2774 qui
489 2692 546 2754 dot
560 2693 700 2771 sulutem,
716 2692 815 2756 etiam
829 2691 934 2756 brutis
950 2689 1152 2754 animalibus.

206 2795 330 2874 Etiam,
340 2796 391 2859 vel
413 2796 517 2860 brutis
541 2797 743 2876 animalibus,
765 2797 821 2861 sed
838 2797 884 2861 sic
906 2803 1025 2874 tamen,
1047 2789 1085 2857 ut'
1108 2791 1263 2856 sciscitari

161 2920 228 2962 non
249 2898 375 2962 dubitet
397 2900 570 2982 Apostolus
591 2908 624 2964 et
647 2922 797 2984 quaerere,
816 2905 832 2964 1
851 2901 924 2966 Cor.
939 2900 981 2962 ix.
998 2903 1029 2964 9.
1053 2895 1207 2978 Nunpuid
1225 2895 1263 2956 de

162 3001 255 3064 bona
277 3022 353 3065 caro
375 3009 422 3065 eat
436 3004 530 3067 Deo?
555 3024 657 3068 annon
672 3006 781 3085 potios
798 3010 931 3086 propter
952 3022 1008 3065 noa
1026 3001 1115 3064 hcc?
1160 2997 1262 3064 Quasi

162 3123 239 3168 cura
261 3104 400 3182 illorum,
426 3127 493 3189 prae
516 3114 634 3186 nostra,
659 3128 736 3172 cura
759 3107 894 3170 dicenda
917 3126 985 3169 nou
1009 3104 1060 3168 sit.
1105 3103 1178 3166 Nec
1198 3106 1260 3165 est.

163 3213 233 3276 Nos
253 3209 340 3274 enim
362 3230 438 3272 cura
454 3209 541 3273 illius
560 3209 663 3294 prima
689 3232 817 3275 sumus:
840 3209 933 3294 proin
949 3209 970 3272 J
972 3207 1012 3272 ob
1032 3206 1135 3282 illum,
1150 3190 1269 3268 nostro

163 3315 293 3381 nomine
309 3313 399 3398 quasi
417 3313 570 3397 peculiari
584 3313 680 3378 titulo
702 3313 882 3397 compellat,
899 3311 1042 3389 Peccovl,
1059 3308 1263 3392 qaidfuciom

164 3420 265 3498 tillo
286 3419 439 3497 Centeno
461 3418 611 3480 Senator
632 3418 816 3481 hominum?
861 3417 881 3480 J
883 3415 933 3480 ob.
950 3414 1003 3479 vii.
1020 3415 1073 3477 20.
1118 3413 1192 3496 Ipse
1214 3417 1263 3475 cst

164 3524 219 3608 qui
234 3523 290 3586 dat
305 3521 441 3584 salutem
454 3518 649 3583 hominibus.

208 3628 358 3690 Senator
373 3624 548 3686 lominum:
575 3621 639 3686 Sed
653 3621 811 3706 praecipue
827 3621 963 3703 Regum,
979 3615 1129 3699 μάλιστα
1144 3614 1264 3702 διοτρε-

164 3732 250 3818 φέων
264 3723 459 3808 Βασιλήων“
475 3727 523 3810 (ut
538 3747 606 3790 non
619 3726 704 3789 male
719 3725 835 3789 cecinit
851 3726 953 3789 Poeta
966 3721 1147 3804 Ethnious.)
1191 3722 1263 3784 Prae

164 3840 234 3898 toto
246 3833 332 3896 enim
344 3851 461 3914 genere
471 3837 593 3909 nostro,
604 3828 660 3893 Illi
670 3829 741 3895 Deo
752 3827 841 3892 cordi
853 3832 938 3903 sunt,
948 3831 1044 3908 atque
1054 3843 1153 3887 curae:
1170 3823 1263 3906 Regi,
1340 3810 1346 3816 ⁸

164 3935 378 4022 praecaeteris,
394 3933 627 4020 Θεοφυλακτοῦ
648 3952 768 3996 nomen
790 3929 957 4015 convenit:
980 3925 1170 4011 Magnificat
1184 3927 1265 3990 enim

165 4042 281 4104 salutes
295 4039 390 4121 Regis
404 4039 463 4114 sui,
480 4036 525 4100 ait
539 4036 663 4100 Psaltes
677 4040 796 4113 noster,
812 4035 883 4098 Psa.
896 4031 981 4096 xviii.
996 4051 1061 4095 ver.
1076 4030 1148 4094 ulti.
1183 4031 1264 4094 Pro·

167 4151 266 4209 tector
283 4149 329 4206 est
348 4143 553 4205 salvationum
573 4140 665 4204 Uncti
686 4139 744 4217 sul,
762 4137 808 4201 ait
822 4137 919 4216 idem,
936 4138 1008 4201 Psa.
1024 4135 1129 4200 xxviii.
1147 4138 1177 4199 8.
1224 4136 1265 4198 In

167 4248 408 4331 quibuscunque
430 4244 561 4308 tandem
581 4241 761 4306 mirabilem
778 4262 812 4304 se
827 4240 977 4325 praebeat,
993 4239 1157 4302 Mirobib's
1171 4244 1218 4300 est
1232 4238 1267 4300 in

167 4351 303 4434 Repibua
325 4355 425 4427 terra,
450 4347 496 4410 ait
517 4345 614 4424 idem,
635 4344 719 4409 Psal.
736 4343 830 4408 lxxvi.
846 4344 906 4407 ult.
953 4342 1115 4407 Mirabilis
1131 4347 1217 4405 certe
1231 4340 1267 4402 in

504 4483 514 4505 ·
534 4473 615 4539 [vide
628 4472 704 4523 nom.
717 4471 746 4522 11.
758 4473 774 4523 i.
788 4472 842 4526 175.
856 4472 925 4536 rra]
