2970 4914
466 903 563 968 Isnnn
586 907 662 972 Cae.
678 907 789 973 LXII.
813 910 896 974 Vns.
912 910 954 973 V.

181 1108 227 1172 Et
246 1109 396 1192 pandebit
418 1110 558 1194 Spumea
578 1134 671 1197 caper
693 1115 855 1199 Sponsam,
881 1124 912 1183 et
929 1118 1079 1202 pandebit
1100 1136 1193 1200 saper
1215 1122 1246 1179 te

621 1219 708 1283 Deus
723 1226 804 1286 tous.

206 1405 261 1468 Slc
275 1404 358 1488 lego.
404 1403 500 1472 Quod
515 1405 542 1472 ιὶ
556 1407 650 1473 aliter
667 1409 738 1494 quis
752 1410 850 1494 legat,
866 1410 971 1494 (aliter
985 1409 1072 1476 enim
1086 1409 1168 1476 verti
1183 1410 1258 1488 scio,

161 1505 251 1570 Sicut
272 1508 422 1590 pandebit
446 1509 594 1591 Sponsas,
618 1513 666 1575 sic
687 1515 837 1595 coaddit
853 1515 972 1598 Dans)
990 1514 1112 1578 frustra
1132 1535 1166 1578 sc
1188 1535 1259 1578 esse

161 1609 250 1675 sciat.
295 1611 385 1675 Sicut
402 1612 489 1676 enim
510 1613 602 1694 illud,
618 1622 651 1679 et
671 1617 736 1696 stc,
750 1617 786 1681 in
808 1617 931 1702 on'gine
945 1639 1105 1702 nusquam
1127 1637 1255 1700 compaa

159 1719 253 1778 rent:
275 1714 372 1799 plane
399 1715 446 1780 ibi
474 1738 541 1781 non
570 1718 751 1785 habentur:
784 1721 918 1786 Additio
947 1728 1024 1785 sunt
1053 1722 1122 1785 haec
1151 1722 1258 1784 Inter·

160 1827 298 1900 pretam.
343 1818 453 1884 Verba
478 1820 524 1884 sic
552 1821 684 1901 habent,
713 1829 752 1887 ut
774 1825 895 1903 retuli,
917 1845 978 1890 nec
1006 1824 1100 1908 plura
1125 1823 1258 1888 suntin

160 1920 251 1984 fonte
264 1941 325 1986 nec
338 1923 506 2006 pauciora:
534 1925 649 2009 Sicque
669 1946 708 1991 ea
721 1927 818 2003 ventit
832 1933 925 1992 vetus
941 1927 1115 2012 Interpres,
1125 1927 1208 1991 fidus
1222 1926 1258 1988 in

162 2044 200 2088 eo
215 2024 292 2088 satis
306 2031 403 2108 atque
418 2025 594 2110 religiosus.

206 2128 380 2212 Scriptnae
389 2150 448 2194 vox
461 2131 611 2212 caudium
626 2139 737 2198 sonat:
760 2133 833 2199 Nec
846 2155 908 2198 vox
922 2133 985 2197 alia
999 2133 1055 2197 diu
1066 2132 1136 2217 jam
1150 2132 1261 2195 audita

163 2231 265 2295 estin
286 2238 373 2296 terra
396 2240 517 2298 nostra.
561 2234 688 2300 Mensis
710 2237 798 2300 enim
817 2237 886 2321 jam
908 2236 1025 2300 tertius
1046 2236 1163 2319 agitur,
1185 2255 1260 2298 cum

91 2349 98 2360 ’
161 2335 282 2399 laetitiae
310 2334 516 2419 indulgemus
544 2358 667 2416 omnes,
702 2346 799 2422 atque
827 2339 860 2402 id
892 2339 1022 2403 Christo
1057 2337 1259 2421 indulgente,

164 2445 285 2522 quanto
299 2439 420 2503 scilicet
441 2445 588 2525 tempore
610 2442 767 2506 nolanam
785 2444 925 2524 Sponsus
946 2439 1023 2506 esth.
1069 2441 1172 2524 Atqui
1190 2441 1259 2524 jam

162 2541 304 2605 reditum
330 2549 473 2607 maturat
495 2543 537 2608 ad
567 2565 659 2608 suos:
694 2547 858 2630 Superest,
891 2551 930 2609 ut
956 2566 1052 2630 quem
1077 2544 1260 2608 venientem

164 2645 345 2730 excepimus
369 2667 444 2711 cum
466 2647 593 2730 gaudio,
614 2657 802 2714 manentem
832 2649 990 2734 complexi
1019 2670 1139 2727 sumus,
1170 2648 1261 2712 rede-

159 2756 277 2814 untem
292 2750 400 2830 etiam,
417 2770 491 2815 cum
507 2750 626 2836 gaudii,
643 2758 677 2817 et
699 2751 727 2816 si
743 2774 807 2837 qua
822 2760 899 2821 sunt
919 2752 1018 2818 fausti
1035 2751 1162 2832 ominis,
1177 2753 1262 2817 votis

164 2853 373 2918 dimittamus.
1058 2871 1062 2877 '

206 2955 279 3026 Etsi
293 2962 402 3021 autem
413 2957 483 3042 jam
498 2961 573 3023 ante
585 2957 810 3043 (cumlaetitiae
824 2959 997 3045 litavimus)
1016 2957 1163 3024 laetitiam
1178 2959 1263 3023 hanc

163 3068 309 3125 nostram
324 3061 460 3142 Sponsus
468 3061 544 3143 ipsa
560 3067 633 3126 tum
648 3062 812 3148 desponsi
827 3064 938 3128 amicis
954 3064 1009 3148 qui
1020 3063 1148 3143 adsunt,
1164 3062 1262 3128 etiam

160 3165 220 3250 qui
232 3163 353 3228 idioma
366 3171 515 3229 nostrum
529 3186 596 3230 non
611 3165 738 3247 callent,
754 3188 794 3230 ex
808 3168 902 3232 vultu
915 3173 1025 3232 tamen
1048 3173 1145 3251 atque
1160 3165 1261 3231 oculis
1360 3168 1363 3174 '

164 3269 318 3354 cujusque
340 3274 498 3347 nostrum,
515 3289 554 3334 ex
576 3267 673 3334 toties
689 3271 759 3354 jam
782 3271 911 3335 structis
934 3271 1046 3354 epulis,
1062 3291 1101 3335 ex
1122 3269 1207 3333 ludis
1229 3276 1262 3333 et

163 3371 268 3450 larvis,
283 3377 317 3435 et
340 3370 432 3456 siqua
446 3377 523 3436 sunt
540 3373 609 3458 ejus
624 3372 750 3455 generis
764 3373 929 3438 luculenta
943 3373 1052 3456 gaudii
1066 3372 1260 3450 testimonia,

164 3473 360 3557 intelligunt,
376 3473 499 3558 opinor,
523 3474 570 3539 sic
589 3474 684 3538 satis:
707 3496 811 3538 unum
836 3475 948 3540 abesse
971 3474 1067 3539 modo
1086 3475 1188 3539 visum
1210 3481 1261 3539 est

169 3577 265 3663 (quod
279 3577 316 3640 in
330 3576 453 3641 abitum
467 3597 570 3662 nsque
584 3578 739 3641 asservari
754 3579 823 3642 Rex
845 3598 983 3660 magnus
998 3576 1110 3660 voluit)
1127 3584 1165 3640 ut
1179 3576 1261 3660 pub-

163 3681 225 3745 lice
239 3686 391 3745 testatam
409 3685 443 3744 et
456 3700 515 3764 pro
530 3678 683 3744 concione
696 3679 843 3744 laetitiam
852 3680 937 3744 hanc
952 3679 1105 3744 audiant:
1128 3679 1261 3743 audiant

164 3789 274 3848 autem
301 3782 398 3867 (qnod
419 3781 564 3846 nondum
585 3782 719 3868 factum)
739 3805 895 3864 sermone,
911 3806 1006 3870 quem
1020 3781 1261 3867 pariter-nobis·

164 3906 241 3950 cum
265 3885 407 3968 capiunt.
449 3885 499 3949 Ea
523 3884 604 3949 mihi
620 3886 691 3970 jam
712 3906 789 3951 cura
809 3886 980 3966 incumbit,
996 3886 1048 3950 cui
1062 3885 1145 3949 nihil
1159 3886 1262 3969 magis

163 3989 201 4054 in
214 3989 306 4069 votis,
323 4010 419 4073 quam
434 3996 473 4053 ut
483 3989 596 4072 cccclii
609 3989 706 4074 hujus
721 4011 848 4074 quoquo
862 3989 958 4055 modo
972 3990 1100 4075 adjutor
1115 3988 1197 4054 sim.¹

211 4094 313 4157 Sonet
327 4112 404 4176 ergo
426 4112 483 4176 per
502 4113 556 4156 me
570 4092 779 4156 novissimum
799 4093 918 4178 gaudii,
940 4093 1110 4158 novissima
1124 4115 1185 4158 vox
1198 4093 1262 4157 ista

166 4196 202 4262 in
216 4195 347 4260 auribus
369 4194 521 4278 ipsorum.
565 4194 757 4278 Intelligant
775 4196 825 4279 (ex
846 4195 958 4279 lingua
978 4196 1144 4276 autemid,
1165 4218 1263 4280 quam

165 4299 365 4383 intelligunt)
392 4296 555 4362 necdum
581 4297 752 4364 defervisse
773 4298 919 4364 laetitiam
945 4307 1100 4378 nostram,
1124 4320 1184 4364 nec
1204 4299 1263 4364 tri-

294 4422 406 4488 ·[Utin
416 4421 488 4474 Vera.
500 4421 581 4474 LXX.
590 4422 699 4488 interp]
948 4424 1136 4478 ananiam.
