2970 4914
224 257 288 321 196
633 275 783 324 semrom
803 272 918 321 suoru

224 428 365 493 Omnem
388 430 580 514 Episcopum
604 452 674 496 esse
700 430 928 514 Presbyterum
959 425 1043 508 apud
1072 445 1184 488 omnes
1209 429 1262 489 est
1292 423 1329 487 in

224 532 388 598 confesso:
409 536 455 598 At
479 535 652 618 Presbyter
677 556 745 599 non
770 540 820 597 est
846 532 1018 596 Diaconus.
1065 528 1154 591 Hinc
1182 527 1231 605 fit,
1262 527 1329 590 alio

224 655 340 714 genere
363 636 555 700 discriminis
578 637 707 701 differre
730 636 925 719 Episcopum
950 654 970 695 a
998 630 1200 714 Presbytero,
1227 651 1328 711 quam

224 737 453 822 Presbyterum
472 762 492 803 a
509 740 661 804 Diacono.
695 739 778 803 Cum
792 757 869 820 ergo
883 734 1057 818 Presbyter
1068 731 1195 795 differat
1210 731 1328 796 ordine

223 839 415 919 aDiacono,
436 842 562 906 videtur
583 848 843 919 consentaneum,
868 838 1063 923 Episcopum
1089 857 1108 898 a
1129 833 1328 919 Presbytero

221 941 332 1005 ordine
346 964 413 1007 non
428 944 564 1008 differre.

264 1047 336 1111 Nec
357 1053 448 1110 vacat
472 1047 672 1113 dubitatione
700 1047 785 1132 quod
806 1045 897 1123 dicis,
913 1041 1069 1108 Ordinem
1091 1061 1160 1105 esse
1181 1047 1327 1123 potesta-

221 1158 289 1211 tem
315 1148 356 1211 ad
380 1156 488 1213 actum
511 1150 693 1234 specialem.
738 1151 827 1214 Nam
856 1146 968 1211 multis
994 1145 1063 1208 sine
1087 1143 1199 1207 ordine
1225 1143 1326 1208 datur

219 1256 361 1332 potestas
383 1253 424 1316 ad
446 1260 554 1316 actum
577 1253 755 1336 specialem,
771 1259 809 1315 ut
829 1251 893 1314 illis
908 1249 974 1333 qui,
995 1254 1085 1312 extra
1099 1246 1257 1324 ordinem,
1279 1246 1325 1309 ad

221 1360 323 1417 certas
347 1355 490 1419 actiones
510 1356 709 1439 peragendas
732 1355 932 1438 delegantur.
977 1352 1059 1415 Pum
1082 1370 1181 1433 negas
1203 1349 1325 1412 Archi·

220 1457 359 1540 episcopi
374 1458 472 1521 alium
487 1479 555 1522 esse
571 1458 718 1522 ordinem
734 1479 830 1542 quam
841 1455 1009 1540 Episcopi:
1031 1455 1189 1518 Attamen
1203 1452 1325 1515 Archi-

220 1559 384 1641 episcopus
405 1560 503 1624 habet
525 1567 719 1643 potestatem
734 1560 775 1624 ad
789 1566 879 1624 actus
899 1559 1021 1641 aliquos
1042 1555 1202 1641 speciales,
1218 1555 1324 1618 veluti

219 1661 260 1723 ad
274 1662 510 1726 convocandam
528 1663 706 1748 Synodum,
722 1671 756 1727 et
771 1663 835 1727 alia
849 1662 963 1725 munia
976 1658 1126 1724 obeunda
1140 1678 1211 1741 quae
1225 1658 1324 1741 Epis·

217 1763 304 1846 copis
323 1785 390 1828 non
407 1764 526 1829 licent:
550 1772 583 1829 et
598 1787 669 1849 quae
684 1787 726 1830 ne
747 1765 825 1849 ipsis
840 1763 970 1848 quidem
984 1760 1243 1843 Archiepiscopis
1259 1761 1321 1825 sub

217 1865 342 1947 Papatu
364 1867 518 1948 permissa
543 1875 630 1947 sunt,
656 1868 721 1931 nisi
744 1875 817 1951 post
843 1872 1008 1950 acceptum
1030 1887 1050 1928 a
1071 1866 1159 1949 Papa
1182 1864 1321 1946 pallium

215 1967 501 2052 Archiepiscopale.
546 1971 606 2048 Tu,
629 1991 687 2054 pro
712 1975 770 2033 tua
800 1968 967 2053 sapientia,
991 1967 1073 2046 vide,
1098 1988 1141 2030 an
1165 1987 1222 2049 per
1248 1967 1321 2030 haec

214 2076 374 2153 appareat,
399 2071 498 2135 etiam
526 2093 583 2157 per
609 2073 746 2156 gradum
773 2072 842 2136 sine
865 2071 1049 2135 diversitate
1075 2069 1197 2133 ordinis
1223 2090 1320 2152 posse

214 2173 352 2236 conferri
366 2180 561 2257 potestatem
576 2175 617 2238 ad
633 2182 742 2240 actum
754 2174 933 2259 specialem.

257 2275 325 2340 III.
342 2276 486 2340 Tertium
498 2284 593 2360 caput
609 2284 770 2362 superest:
786 2298 902 2360 nempe
916 2276 951 2340 id
960 2274 1046 2359 quod
1055 2274 1130 2354 dixi,
1142 2274 1320 2358 Episcopa-

213 2384 284 2441 tum
295 2400 363 2442 esse
374 2379 457 2463 juris
468 2381 684 2445 Ecclesiastici
693 2379 919 2464 mtiquissimi,
931 2400 999 2443 non
1010 2383 1121 2441 tamen
1131 2377 1241 2442 divini.
1266 2379 1320 2442 'Pu

212 2487 325 2544 contra
346 2482 508 2564 pertendis
524 2504 591 2547 csse
611 2483 695 2567 juris
710 2483 820 2561 divini,
837 2488 870 2545 et
891 2481 1014 2544 ineam
1035 2501 1105 2543 rem
1127 2479 1221 2545 affers
1243 2481 1319 2563 plu-

211 2583 293 2646 rima
308 2585 453 2667 exempla
467 2586 708 2670 Episcoporum,
725 2585 780 2669 qui
803 2584 843 2648 ab
859 2583 1022 2667 Apostolis
1041 2583 1122 2666 ipsis
1138 2583 1317 2666 Episcopa-

212 2692 283 2748 tum
303 2695 504 2770 acceperunt,
529 2689 689 2767 Marcum,
715 2688 934 2765 Timotheum,-
957 2687 1078 2765 litum,
1099 2686 1314 2766 Clementem,

213 2787 435 2872 Polycarpum,
459 2791 619 2854 Jacobum
644 2790 750 2875 ipsum
776 2790 970 2873 Episcopum
995 2789 1313 2873 Ierosolymitanum.

213 2890 257 2952 Et
265 2911 384 2972 magno
394 2912 529 2956 numero
542 2893 621 2956 citas
630 2894 752 2971 Patres,
764 2892 819 2976 qui
830 2892 864 2955 id
877 2897 1034 2955 asserunt.
1068 2891 1182 2973 (Docte
1192 2892 1313 2970 omnia,

213 2998 247 3054 et
262 3013 300 3054 ex
320 2993 435 3056 veteris
452 2994 594 3057 historiae
610 2994 696 3076 fide.)
746 2995 810 3058 Sed
831 2994 909 3078 quid
926 2996 1021 3058 tum?
1068 2994 1104 3058 Si
1123 2994 1252 3077 (inquis)
1271 2995 1313 3060 ab

212 3094 375 3175 Apostolis
390 3095 557 3158 constituti
573 3104 648 3160 sunt
663 3097 822 3180 Episcopi,
844 3097 976 3180 planum
992 3104 1040 3160 est
1055 3097 1201 3160 ordinem
1216 3098 1311 3180 Epis-

212 3195 356 3278 copalem
371 3217 438 3260 esse
449 3198 533 3280 juris
543 3199 732 3282 Apostolici‚
748 3220 785 3262 ac
799 3199 934 3282 proinde
949 3199 1057 3263 divini.
1092 3200 1165 3287 Hoc
1180 3200 1310 3282 quidem

212 3304 262 3361 est
280 3318 385 3362 arcem
401 3319 503 3364 causae
524 3300 684 3365 invadere.
731 3301 796 3366 Sed
822 3302 947 3366 axioma
968 3301 1048 3365 illud
1070 3308 1174 3380 tuum,
1191 3303 1311 3369 Omnia

213 3422 284 3485 quae
313 3407 388 3465 sunt
414 3402 498 3486 juris
524 3403 702 3486 Apostolici
726 3425 794 3468 esse
820 3404 917 3468 etiam
942 3403 1050 3482 divini,
1077 3403 1159 3467 mihi
1183 3404 1310 3469 videtur

217 3512 307 3588 (pecc
321 3511 378 3568 tna
398 3504 543 3589 dixerim)
561 3506 629 3589 pati
651 3506 771 3590 aliquas
787 3507 998 3589 exceptiones.
1044 3507 1153 3570 Multa
1175 3510 1308 3573 suntab

211 3608 374 3690 Apostolis
389 3614 511 3671 statuta
525 3609 609 3673 circa
623 3609 769 3692 politiam
784 3609 1052 3687 Ecclesiasticam,
1069 3630 1140 3691 quae
1158 3630 1225 3673 non
1240 3631 1307 3676 esse
1329 3661 1330 3665 ,

205 3710 289 3793 juris
304 3710 412 3791 divini,
428 3710 500 3792 ipsa
514 3711 696 3793 Anglicana
707 3711 852 3776 Ecclesia
864 3718 1013 3789 testatur,
1024 3711 1101 3774 dum
1116 3733 1183 3775 non
1197 3712 1307 3778 obser-

208 3819 271 3875 vat.
321 3812 439 3876 Paulus
456 3815 485 3876 1.
503 3812 544 3876 ad
559 3813 765 3877 Timotheum
780 3835 849 3897 cap.
865 3836 894 3877 v.
910 3814 980 3877 vult
996 3814 1097 3877 creari
1111 3813 1147 3876 in
1161 3815 1307 3881 Ecclesia

208 3913 429 3976 Diaconissas:
446 3919 480 3977 at
494 3913 548 3977 hic
562 3935 632 3977 mos
646 3914 770 3997 pridem
785 3915 930 3978 exolevit.
958 3915 1051 3978 Idem
1062 3919 1091 3979 1.
1105 3915 1146 3979 ad
1157 3917 1303 3983 Corinth.

206 4033 275 4095 cap.
290 4014 351 4078 xiv.
378 4015 448 4078 vult
472 4015 585 4080 eodem
615 4023 710 4094 coetu,
739 4016 850 4080 eadem
876 4016 1057 4096 hora,·tres
1086 4024 1142 4080 aut
1166 4027 1305 4101 quatuor

205 4114 406 4196 prophetare,
432 4114 467 4178 id
495 4123 554 4195 est,
580 4122 618 4180 ut
643 4117 796 4200 intelligit
818 4117 1042 4197 Ambrosium,
1069 4118 1215 4183 Verbum
1240 4123 1304 4187 Dei

237 4313 295 4377 ·“[
308 4313 442 4378 Prophatae
469 4331 527 4366 vcro
559 4319 733 4382 explanatores
776 4319 864 4396 Ambr.
845 4319 1149 4384 rsaupotiusHilarins
1161 4320 1301 4387 Diaconos]

204 4381 265 4427 sunt
287 4377 387 4440 Scriptu
359 4383 495 4429 unarum
508 4381 628 4431 .ch
647 4398 679 4432 au
680 4387 732 4432 tem
776 4383 804 4432 in
812 4384 844 4433 iu
898 4383 1040 4448 Epi[hasos
1030 4384 1140 4448 [apudS.
1147 4386 1236 4435 Ambr.
1247 4323 1302 4450 Op,

204 4441 354 4504 interpretes
371 4441 503 4506 Prophetae
520 4416 578 4494 dicu
578 4448 660 4496 ntur.”
693 4446 731 4510 S]
776 4448 856 4496 tom'
848 4448 876 4497 ri.
887 4448 1004 4512 Append.
1016 4449 1061 4499 col.
1072 4451 1128 4498 241
1139 4449 1210 4512 Βο.]
