2970 4914
518 275 638 339 oumro
660 276 805 341 auausu,
831 264 926 328 1606.
1228 261 1270 323 65
1382 299 1385 305 -

168 431 309 515 fulgure)
336 453 405 496 rem
430 439 533 497 totam
557 434 749 529 patefactam
774 436 824 499 iri.
869 436 1043 499 hacerccm
1067 434 1165 517 Regis
1188 433 1269 512 dico,

168 554 243 608 cum
258 535 504 600 Mardochaeus⁰
525 557 594 599 rem
613 536 717 601 defert
739 545 853 603 contra
874 538 1051 602 Eunuchos
1073 537 1268 621 proditores:

168 637 252 700 Cum
275 637 366 702 Elisa
388 660 458 702 rem
480 639 622 703 indicatp
647 640 687 704 de
712 641 839 706 insidiis
867 641 949 724 Regi
978 640 1108 723 Israelis
1137 639 1269 703 structis

166 760 224 822 per
239 740 426 805 Arameum.
470 742 590 825 Fclpar
608 763 683 808 vcro
702 744 776 823 Dei,
794 765 879 823 cum,
895 751 933 808 ut
955 743 1001 808 ait
1018 743 1180 822 Salomon,
1198 764 1269 807 aces

167 843 236 905 coelc'
264 850 398 925 portant
432 865 535 910 ccccm
571 847 726 926 stamma,
763 847 808 930 (id
836 849 897 931 cst)
930 869 1004 912 cum
1032 847 1123 910 miris
1152 847 1266 925 modis,

166 966 227 1009 nec
252 946 395 1011 humana
411 969 471 1031 ope
497 949 573 1028 ulla,
600 969 651 1013 res
674 949 868 1015 innotescit:
906 971 975 1013 cum
996 951 1058 1032 ipsi
1078 950 1185 1032 liugas
1208 971 1266 1013 suc

165 1050 340 1132 impingant
358 1051 393 1113 iu
411 1052 537 1132 seipsos,
553 1057 592 1116 ut
607 1058 657 1116 est
677 1053 762 1116 Psal.
778 1053 853 1117 lxiv.
866 1055 917 1131 8.;
939 1053 973 1116 id
995 1060 1053 1132 est,
1070 1074 1143 1116 cum
1160 1074 1266 1115 susur-

166 1151 211 1215 ris
235 1152 311 1232 suis,
337 1153 403 1216 suis
429 1154 667 1238 scriptiunculis
692 1155 836 1239 produnt
859 1176 938 1220 sese.
986 1152 1027 1218 Ut
1052 1155 1267 1235 obstupescant

166 1257 337 1338 omnesqui
353 1257 497 1337 viderint,
515 1259 588 1340 quic
610 1260 718 1323 vident
737 1281 862 1323 manum
884 1261 946 1323 Dei
967 1280 1041 1337 esse,
1058 1265 1089 1323 et
1111 1259 1194 1341 quod
1210 1260 1267 1340 lla,

165 1359 306 1438 Domine,
314 1358 425 1442 fecisti
439 1363 521 1426 hocf.
567 1362 611 1426 Et
626 1369 675 1426 est
690 1369 777 1427 certe
790 1363 945 1426 mirabilis
959 1363 993 1425 ia
1013 1362 1149 1444 Regibus
1164 1368 1266 1440 terre,-

163 1459 303 1532 innullo
318 1483 384 1527 uno
404 1463 515 1546 magis,
532 1484 628 1546 quam
650 1464 687 1527 in
708 1460 869 1528 mittendo
890 1464 953 1527 hoc
966 1462 1097 1546 fulgure
1118 1484 1184 1543 suo,
1202 1485 1265 1546 quo

163 1563 291 1627 occulta
304 1585 387 1648 saepa
402 1566 642 1650 conjuratorum
657 1567 791 1631 consilia
804 1567 997 1631 revelantur.

207 1666 334 1730 Verum·
356 1667 453 1747 enim,
480 1675 566 1733 esto:
599 1669 660 1748 Da,
684 1669 768 1733 nihil
793 1669 943 1753 cuiquam
974 1669 1130 1749 subolere,
1161 1670 1264 1735 altum
1332 1726 1338 1732 .

163 1769 306 1853 undique
320 1770 484 1836 silentium
498 1793 576 1851 esse,
592 1779 625 1836 et
646 1773 750 1837 celata
770 1773 890 1852 omnia,
908 1772 986 1836 dum
1006 1766 1118 1857 parata
1136 1775 1263 1849 omnia3

163 1879 196 1935 et
222 1872 292 1956 jam
317 1893 386 1937 rem
410 1873 452 1937 ad
480 1873 606 1938 triarios
631 1875 780 1940 rediisse:
815 1876 912 1940 etiam
938 1881 1010 1939 tum
1036 1875 1204 1958 dissipabit
1228 1896 1267 1940 ea

162 1980 283 2054 tamen,
299 1983 341 2055 et,
357 1984 395 2041 ut
417 1983 466 2041 est
488 1977 524 2041 iu
545 1998 642 2042 versu
657 1981 701 2041 5⁰.
735 1979 853 2060 Tacpet
872 1983 990 2041 montes
1004 1979 1092 2056 istos,
1109 1984 1140 2041 et
1161 1979 1195 2040 iu
1208 1976 1265 2058 fa·

161 2097 244 2140 mam
258 2078 385 2142 abibunt
399 2100 510 2144 omues
521 2087 541 2144 ³.
587 2080 741 2145 Creverat
763 2081 834 2164 jam
848 2080 969 2143 montis
988 2080 1093 2144 instar
1107 2079 1264 2144 Absalom

162 2202 270 2246 rerum
296 2183 445 2267 potitust.
491 2184 616 2268 Tanget
641 2183 806 2263 Absalom,
832 2183 993 2267 percutiet
1023 2183 1072 2246 illi
1097 2183 1266 2246 cerebrum

162 2286 277 2368 spiritu
291 2287 466 2371 vertiginis,
480 2294 529 2367 ut,
546 2287 631 2371 quod
655 2308 799 2357 unume
821 2309 857 2351 rc
880 2308 939 2351 sua
960 2289 1099 2351 maxime
1118 2287 1266 2350 futurum

162 2397 232 2455 erat
257 2391 433 2470 consilium,
460 2391 495 2454 id
519 2391 663 2474 rejiciat:
688 2392 741 2454 Ita
766 2397 932 2454 momento
959 2390 1123 2473 dissipavit
1146 2389 1265 2454 omnia.-

162 2495 314 2559 Creverat
328 2493 441 2559 itidem
456 2493 492 2556 in
505 2500 651 2557 montem
662 2493 841 2557 Adoniasu.
871 2493 995 2575 Tangat
1004 2492 1177 2570 Adoniam,
1193 2496 1265 2575 per·

161 2597 262 2662 cutiet
276 2597 324 2661 illi
338 2618 393 2662 cor
407 2604 529 2661 terrore
545 2596 675 2675 Panico,
690 2601 729 2660 ut
747 2596 828 2680 jam,
845 2617 919 2659 cum
935 2616 1031 2679 poene
1052 2595 1199 2659 confecta
1212 2616 1265 2658 res

161 2706 254 2780 esset,
270 2700 427 2784 progredi,
443 2720 571 2764 movere
592 2720 626 2763 se
648 2720 716 2763 non
734 2698 888 2763 auderet:
912 2698 960 2762 ita
974 2698 1094 2762 abeunt
1109 2698 1145 2760 in
1159 2698 1265 2762 fumos

161 2804 279 2868 omnia.
311 2805 407 2867 ucat
421 2823 524 2867 omues
541 2803 651 2886 (etiam
665 2823 740 2866 cum
754 2823 854 2865 mauu
864 2801 934 2886 jam
948 2802 1151 2884 remtenent)
1163 2803 1266 2864 instar
1285 2812 1288 2818 '

155 2908 292 2989 parietis
310 2907 455 2970 inclinati
475 2912 531 2969 cat
553 2907 696 2969 macuta
718 2905 887 2979 dlmclsoe¹‚·
910 2905 960 2968 vel
983 2912 1096 2988 sponte
1118 2926 1176 2968 sua
1195 2925 1265 2968 cor-

161 3016 271 3089 ruunt,
287 3009 413 3074 vellavi
434 3009 576 3093 impulsu
597 3013 856 3093 prosternuntur,
878 3014 1069 3091 tanguntur,
1086 3007 1206 3072 abeunt
1228 3007 1265 3070 in

161 3113 279 3193 fumos,
295 3120 498 3178 evanescunt.

203 3217 313 3301 Atque
334 3217 390 3295 ita,
412 3222 525 3280 contra
544 3216 782 3301 conjurationes
804 3217 948 3302 ipsorum
972 3215 1090 3282 exserit
1111 3235 1145 3278 sc
1163 3215 1267 3292 Deus,

160 3319 364 3404 ostenditque
387 3339 421 3384 se
435 3319 571 3402 Regibus
585 3321 717 3383 salutem
739 3341 896 3384 asserere:
921 3317 1028 3383 sedet
1049 3317 1136 3381 idem
1157 3317 1263 3400 ipsum

160 3423 313 3504 ostendit,
329 3429 442 3488 contra
456 3423 650 3506 Oonjuratos
671 3423 776 3506 ipsos:
799 3423 938 3486 Neruam
959 3421 1080 3484 scilicet
1096 3440 1185 3482 utum
1200 3421 1261 3482 col-

161 3527 298 3591 limaado
319 3533 429 3592 contra
443 3523 548 3608 sactes
566 3527 846 3606 incommunius
864 3525 948 3590 Psal.
965 3525 1039 3603 xxi,
1056 3529 1089 3587 et
1110 3521 1195 3606 quod
1208 3522 1262 3585 hio

163 3629 254 3712 (vers.
266 3629 309 3714 5.)
312 3679 323 3710 ,
340 3630 475 3712 Sapittc's
488 3629 555 3692 suis
565 3626 743 3710 corplpeudo
754 3629 838 3709 qosos
847 3632 879 3691 ².-
902 3634 950 3706 ut,
965 3630 1101 3710 quorum
1115 3624 1262 3688 homines

160 3733 314 3815 pessimos
342 3733 445 3798 exitiis
470 3732 650 3810 intuentur,
681 3751 792 3795 eorum
815 3729 952 3814 pessima
973 3728 1059 3793 facta
1080 3727 1259 3811 perhorres·-

160 3843 245 3902 cant.
291 3837 476 3901 Rectorem
492 3841 596 3899 totam
615 3835 798 3918 complexus
813 3841 862 3899 est
879 3835 1000 3912 Moses,
1016 3838 1088 3896 tum
1103 3851 1178 3894 cum
1192 3851 1260 3894 om-

160 3939 251 4003 nium
268 3940 389 4024 primus
407 3941 489 4005 Core
510 3937 745 4003 contraveniret
767 3937 806 4002 ei
853 3939 896 4002 In
916 3937 978 4002 hoc
996 3932 1124 4020 (inquit)
1143 3933 1259 4013 scietis,

160 4043 373 4128 Magistratus
388 4065 408 4108 a
421 4043 492 4108 Deo
513 4063 590 4121 esse,
605 4041 734 4106 illorum
758 4041 895 4106 salutem
918 4042 989 4106 Deo
1009 4059 1093 4103 curse
1113 4058 1198 4103 esse:
1223 4038 1261 4101 Si

290 4213 302 4238 ⁰
318 4203 389 4254 llsth.
401 4203 431 4254 ii.
442 4205 481 4253 22.
860 4193 869 4224 ‘
885 4202 901 4251 2
913 4201 978 4252 Sam.
991 4200 1054 4249 xvii.
1066 4200 1105 4250 14.

290 4268 451 4331 NJRegv'u
464 4270 486 4318 9.
859 4272 872 4295 ¹¹
889 4267 976 4329 IReg.
989 4266 1005 4314 i.
1017 4265 1057 4315 49.

289 4341 300 4374 9
316 4333 409 4383 llccles
421 4348 447 4382 x.
459 4335 498 4383 19.
860 4336 872 4360 ¹
890 4331 954 4380 Psal.
967 4330 1023 4380 lxii.
1033 4333 1056 4380 3.

289 4397 380 4448 *Paul
392 4397 440 4447 cix.
452 4399 492 4447 29.
862 4402 873 4434 ¹
891 4395 956 4445 Psal.
968 4395 1020 4444 xxi.
1033 4396 1072 4442 12.
1191 4429 1193 4432 >

291 4470 299 4493 ¹
316 4461 392 4527 [Pssl.
403 4461 478 4512 cxliv.
491 4460 526 4526 6.]
861 4464 871 4487 ¹
889 4459 965 4524 [Psal
978 4459 1052 4509 cxliv.
1065 4457 1101 4521 6.]
1125 4503 1133 4531 Ι,

203 4559 262 4595 asu.
279 4558 316 4595 or.
334 4558 417 4595 rosus.
990 4557 1008 4604 p
