2970 4914
234 259 297 322 146
685 269 728 320 nn
749 270 872 334 usuum,

69 435 221 506 [finierim]
232 445 295 512 quo
324 429 359 492 in
388 435 475 492 statu
503 449 554 492 res
579 429 721 492 Judoiccc
744 427 876 506 fuerint,
902 433 974 492 tum
1000 427 1150 493 Jeremiae
1175 431 1328 509 tempore,

69 643 97 759 'l

232 554 307 596 cum
321 531 427 614 foeuus
441 533 633 610 tolerarent;
656 539 728 596 tum
742 531 921 611 Nehemiae,
945 553 1020 595 cum
1040 532 1201 596 tollerent.
1247 531 1330 592 Pro·

98 634 348 716 ‘Solonimfuuaru
378 636 463 720 apud
492 658 597 720 quam,
632 644 703 700 tum
734 635 872 700 Athenis
905 634 1039 699 celebris
1072 635 1128 698 illa
1164 633 1327 698 Platonis¹

99 709 218 774 suari]

231 737 452 825 ceccdxdeto‘l,
468 747 540 802 tum
555 739 711 823 AEgyptia
727 738 779 802 lex
794 738 834 802 de
849 739 1000 803 cadavere
1015 746 1150 822 paterno
1164 757 1331 800 usurarum

106 884 110 889 -
231 844 384 927 pignore¹
391 869 401 922 3
433 851 505 908 tum
528 843 643 926 Agidis
664 842 849 907 luculentus
873 843 909 906 in
934 843 1003 908 foro
1029 845 1188 927 Spartano
1209 843 1330 918 socus’,

110 976 112 980 ·
230 945 387 1010 luculenti
408 952 506 1010 testes
530 953 615 1026 sunt,
636 967 700 1030 quo
722 946 793 1010 loco
811 952 920 1029 pentes
943 948 1005 1009 illae
1020 945 1126 1028 foeuus
1148 945 1330 1009 habuerint.

232 1049 405 1114 Lucidiora
427 1057 504 1113 sunt
526 1049 613 1113 illius
637 1048 721 1133 apud
745 1051 907 1113 Romanos
928 1049 1114 1113 intervalla:
1148 1047 1262 1112 Paucis
1279 1069 1332 1110 ac·

233 1153 347 1237 cipite:
379 1154 513 1218 Peccem
534 1153 622 1218 enim
644 1153 680 1217 in
701 1159 830 1237 tempus
851 1153 957 1237 ipsum
972 1160 1068 1236 utque
1081 1174 1147 1231 vos,
1164 1151 1191 1215 si
1206 1151 1333 1244 singula

234 1263 445 1322 consectarer.

280 1359 338 1445 [1.]
362 1361 576 1423 Foeuerutores
598 1359 646 1422 bis
662 1356 758 1440 fures
774 1357 870 1421 modo
889 1358 958 1443 jam
975 1378 1015 1421 ex
1029 1357 1083 1423 xii.
1103 1357 1229 1420 Tabulis
1243 1377 1333 1420 ecce·

234 1462 335 1546 pistis.
380 1461 614 1527 Posterioribus
637 1461 759 1526 saeoulis
780 1459 989 1543 funticulum
1014 1461 1118 1545 primo
1141 1459 1333 1544 permissum

235 1573 295 1644 est,
324 1586 441 1648 nempe
468 1565 671 1629 uuciurium:
708 1564 773 1628 cito
802 1563 878 1627 inde
907 1563 948 1627 ed
977 1584 1080 1627 assem
1116 1563 1214 1628 crevit
1243 1583 1334 1626 amor

234 1668 370 1747 nummi,
391 1674 430 1732 ut
452 1688 581 1733 necesse
603 1667 753 1732 habuerit
773 1667 811 1732 1.
830 1667 994 1731 Genucius
1019 1666 1226 1749 (Deoudis12.
1248 1664 1339 1748 apud.

235 1772 374 1852 Livium,
389 1771 444 1837 lib.
460 1773 538 1856 viii.)
554 1772 590 1836 in
604 1779 711 1836 totum
726 1771 865 1836 tollere‘.
911 1771 969 1856 [2.]
994 1773 1119 1836 Rursus
1141 1771 1182 1835 ed
1202 1771 1333 1834 uncias:
1358 1827 1361 1830 ⁴

236 1878 360 1941 Rursus
389 1875 509 1940 sensim
538 1874 693 1939 succrevit
721 1895 828 1952 usura,
854 1881 887 1938 et
916 1881 1038 1939 resecta
1066 1873 1173 1939 denuo
1199 1881 1249 1938 est
1277 1894 1335 1957 per

236 1979 373 2044 Cneium
395 1985 428 2043 et
451 1978 610 2046 Quintum
626 1977 782 2062 Ogulnios
798 1979 938 2057 Rumaeu
954 1998 1012 2061 per
1028 1978 1204 2043 Catonem¹
1219 1984 1252 2041 et
1268 1977 1336 2042 Lu·

236 2083 357 2148 cullum
371 2083 407 2146 in
420 2082 612 2166 provinciis!
629 2081 777 2166 (Decadis
791 2082 833 2147 iv.
855 2081 911 2146 lib.
926 2082 974 2165 ii.)

282 2184 340 2270 [3.]
363 2186 506 2250 Tandem
518 2207 537 2248 a
547 2185 675 2251 'liberio
687 2184 813 2249 sublata
824 2191 889 2249 est¹
898 2211 908 2263 ;
929 2186 979 2249 uti
993 2185 1092 2250 refert
1102 2183 1151 2249 vir
1164 2184 1251 2249 varia
1263 2205 1335 2248 eru·

236 2288 358 2352 ditione
372 2288 554 2353 Alexander
575 2288 616 2353 ub
633 2288 816 2354 Alexandro
825 2299 848 2354 ⁸.
895 2288 1056 2374 Surrepsit
1070 2296 1142 2354 tum
1157 2308 1282 2372 quoque
1296 2295 1336 2352 ut

237 2397 321 2469 unte,
344 2411 385 2453 ex
402 2409 485 2472 poce
504 2390 643 2472 publico,
664 2397 698 2454 et
720 2411 760 2454 ex
780 2390 910 2475 ingenio
924 2391 1172 2472 Imperatorum:
1197 2390 1336 2454 Modum

236 2493 344 2578 posuit
359 2491 603 2572 lustiniunusl3
626 2493 758 2558 modum
773 2494 829 2558 illa
842 2493 995 2560 nescivit:
1029 2493 1086 2580 [A]
1110 2493 1245 2558 Sublata
1259 2515 1337 2576 ergo

236 2595 367 2661 tandem
377 2617 435 2680 per
443 2596 601 2661 Basilium
611 2596 728 2661 Leonis
738 2603 890 2680 postremi
914 2596 971 2682 [5.]
986 2597 1122 2676 Deinde,
1132 2617 1207 2661 cum
1217 2597 1337 2661 iterum

237 2699 401 2783 permissa,
413 2698 532 2763 iterum
543 2720 669 2782 quoque
684 2700 822 2783 graviter
836 2700 1036 2766 incumberet
1047 2700 1127 2767 Orbi
1139 2700 1336 2780 Christiano,

238 2801 365 2866 sublata
379 2801 493 2884 quinto
508 2812 571 2886 'per
590 2802 762 2866 Albertum
784 2803 953 2869 Caeserem.
1000 2803 1059 2889 [6].
1082 2803 1205 2868 Eadem
1226 2810 1340 2869 tamen

238 2905 336 2968 etiam
362 2905 469 2968 Usuroe
492 2904 653 2969 medicine
675 2926 754 2989 opus
779 2904 963 2970 habuerunt
988 2907 1096 2971 Caroli
1111 2904 1161 2971 Vl.
1185 2906 1338 2990 tempori·

237 3005 307 3085 bus,
338 3007 394 3089 qui
423 3013 518 3071 aetate
546 3014 659 3071 nostra
687 3007 776 3086 vixit,
807 3007 1005 3092 sublataeque
1035 3009 1075 3074 eb
1106 3030 1144 3073 eo
1172 3017 1249 3072 sunt
1279 3030 1337 3093 per

238 3109 387 3174 Ditiones
416 3130 488 3172 suas
517 3109 623 3174 Diaeta
648 3112 848 3194 Augustune,
879 3133 965 3176 anno
994 3122 1132 3176 nnxxx0.
1143 3137 1153 3189 3
1190 3119 1227 3176 ut
1256 3112 1338 3176 mihi

237 3212 351 3276 melior
364 3213 463 3292 nulla,
478 3213 569 3276 nulla
582 3213 684 3298 magis
702 3214 938 3298 compendiaria
951 3215 1002 3278 via
1016 3215 1083 3280 visa
1099 3215 1142 3278 sit
1148 3216 1171 3294 ²,
1187 3237 1284 3299 quam
1299 3224 1337 3279 ut

240 3316 339 3379 semel
352 3315 387 3379 in
401 3323 592 3399 perpetuum
614 3316 780 3396 tolluntur,
796 3338 868 3400 quae
888 3318 984 3381 toties
1007 3317 1142 3382 tollendi
1164 3317 1337 3381 necessita-

239 3426 306 3484 tem
329 3419 471 3497 faciunt3
506 3427 539 3484 et
561 3420 646 3484 hunc
670 3421 793 3504 quoties
819 3421 952 3501 faciunt,
977 3443 1092 3505 easque
1116 3422 1161 3486 sic
1183 3421 1338 3486 facientes

239 3524 325 3588 tollit
350 3524 547 3606 Respublica,
567 3524 663 3587 toties
691 3531 723 3588 et
743 3525 862 3588 Usurus
885 3525 970 3608 ipsas
994 3533 1086 3589 notut
1110 3526 1279 3607 injustitie,
1304 3534 1338 3590 et
1416 3542 1425 3554 ⁴

239 3649 293 3691 eos
315 3629 456 3707 luscitloe,
479 3627 535 3710 qui
558 3648 612 3691 eus
635 3627 835 3692 contendunt
861 3649 971 3693 essee
994 3629 1184 3710 Repnlbllcu;
1207 3630 1337 3713 inquo,

272 3833 283 3865 ‘¹
302 3824 384 3888 [Vide
404 3824 471 3875 Plut.
489 3825 518 3875 in
531 3824 586 3876 Vit.
603 3824 686 3876 Solon
707 3824 764 3890 Op,
839 3834 850 3856 ¹
868 3825 955 3891 [Alex.
964 3825 996 3876 ab
1004 3825 1077 3876 Alex.
1086 3825 1182 3877 Genial.
1192 3827 1260 3878 Dior.
1269 3828 1338 3892 l‘lib.

240 3892 301 3987 Ψ
314 3889 517 4005 blrlsll’iiilc
528 3955 566 4004 ub
583 3955 603 4004 u
622 3969 668 4018 up
686 3953 756 4018 isc]
806 3890 994 4018 iciipim'
1006 3890 1089 3956 Hm)
1101 3891 1225 3942 ΝΜ
1238 3891 1338 3944 nanu.

273 4026 282 4048 ¹
302 3953 383 4082 lVide
406 4018 472 4068 Plut.
489 4020 519 4070 iu
535 4020 590 4072 Vit.
609 4018 686 4082 Agid.
710 4018 766 4084 Op,
841 4017 853 4052 l
872 4019 984 4084 [Novell.
998 4018 1084 4071 Const
1095 4021 1162 4070 cxxi.
1175 4036 1227 4085 cap.
1237 4023 1259 4072 2.
1271 4022 1339 4137 apud

241 4084 301 4131 tom.
309 4083 326 4130 i.
338 4097 362 4146 p.
372 4084 427 4132 801.
438 4083 482 4147 B.]
811 4083 890 4134 Auth.
903 4084 965 4134 (loll.
977 4085 1011 4133 ix.
1028 4085 1069 4134 tit.
1079 4087 1102 4136 4.
1132 4086 1271 4150 (lorplur.
1305 4089 1338 4137 ir.

273 4146 283 4178 ¹
310 4145 366 4196 Liv.
378 4146 447 4196 Hist.
458 4148 503 4197 lib.
513 4147 557 4198 vii.
568 4161 621 4212 cup.
629 4147 684 4212 lu]
810 4152 872 4200 tom.
879 4149 906 4200 ii.
914 4164 938 4210 p.
945 4151 1000 4199 611.
1004 4165 1011 4210 ;
1022 4149 1118 4201 etNov.
1127 4149 1212 4201 Consi.
1220 4153 1339 4202 cxxxviii.

273 4217 286 4240 ¹
318 4211 373 4260 hir.
386 4210 454 4261 Hist.
465 4213 510 4262 lib.
518 4228 543 4262 x.
555 4227 608 4276 cap.
616 4213 671 4277 iu]
813 4213 891 4262 Auth.
904 4214 966 4264 (loll
978 4214 1013 4264 ix.
1032 4215 1073 4264 tit.
1083 4216 1134 4275 21.
1145 4215 1200 4264 ibid
1220 4229 1245 4278 p.
1258 4217 1329 4282 osi]

274 4281 286 4306 ¹
315 4275 369 4325 lriv.
382 4275 450 4326 Hist.
462 4277 506 4326 lib.
519 4279 601 4327 xxxii.
612 4292 665 4342 cap.
675 4275 728 4341 ln]
845 4285 855 4310 e
873 4277 955 4343 [Vide
973 4280 1056 4329 (lonst
1069 4279 1151 4330 lxxiii.
1169 4279 1261 4343 imper.
1279 4280 1339 4332 Leo

274 4347 285 4380 1
314 4339 481 4392 Pluuinvit.
493 4341 600 4392 Luculli.
613 4342 670 4407 Op,
680 4346 742 4393 tom.
750 4341 768 4393 i.
811 4343 865 4400 nim
886 4344 930 4407 qui
942 4343 1032 4394 Basilii
1047 4345 1253 4394 constitutionem
1269 4346 1340 4398 ebro·

241 4405 331 4468 ptos.
344 4404 449 4469 c.-1l.]
811 4408 924 4472 paritet
932 4422 1020 4461 usurus
1030 4409 1136 4462 trientes
1147 4409 1282 4475 permisit]

273 4477 283 4500 ¹
301 4466 642 4534 [tortuosissimum.
654 4487 707 4541 cup.
718 4471 749 4524 17
751 4469 768 4534 .]
