<?xml version="1.0" encoding="UTF-8"?>
<!DOCTYPE html PUBLIC "-//W3C//DTD XHTML 1.0 Transitional//EN"
    "http://www.w3.org/TR/xhtml1/DTD/xhtml1-transitional.dtd">
<html xmlns="http://www.w3.org/1999/xhtml" xml:lang="en" lang="en">
 <head>
  <title>
</title>
<meta http-equiv="Content-Type" content="text/html;charset=utf-8" />
  <meta name='ocr-system' content='tesseract 3.04.00' />
  <meta name='ocr-capabilities' content='ocr_page ocr_carea ocr_par ocr_line ocrx_word'/>
</head>
<body>
  <div class='ocr_page' id='page_1' title='image "./opusculaquaedam00andrgoog_0205.png"; bbox 0 0 2970 4914; ppageno 0'>
   <div class='ocr_carea' id='block_1_1' title="bbox 182 1270 244 1333">
    <p class='ocr_par' dir='ltr' id='par_1_1' title="bbox 182 1270 244 1333">
     <span class='ocr_line' id='line_1_1' title="bbox 182 1270 244 1333; baseline 0 -2"><span class='ocrx_word' id='word_1_1' title='bbox 182 1270 244 1333; x_wconf 83' lang='lat'><strong>175</strong></span> 
     </span>
    </p>
   </div>
   <div class='ocr_carea' id='block_1_2' title="bbox 646 275 1052 325">
    <p class='ocr_par' dir='ltr' id='par_1_2' title="bbox 646 275 1052 325">
     <span class='ocr_line' id='line_1_2' title="bbox 646 275 1052 325; baseline 0 -1"><span class='ocrx_word' id='word_1_2' title='bbox 646 275 818 325; x_wconf 71' lang='lat' dir='ltr'><strong>uuseouslo</strong></span> <span class='ocrx_word' id='word_1_3' title='bbox 840 277 883 324; x_wconf 80' lang='lat' dir='ltr'><strong>AD</strong></span> <span class='ocrx_word' id='word_1_4' title='bbox 904 275 1000 323; x_wconf 71' lang='lat' dir='ltr'><strong>numu.</strong></span> <span class='ocrx_word' id='word_1_5' title='bbox 1017 275 1052 324; x_wconf 87' lang='lat'><strong>11.</strong></span> 
     </span>
    </p>
   </div>
   <div class='ocr_carea' id='block_1_3' title="bbox 425 1254 1276 1459">
    <p class='ocr_par' dir='ltr' id='par_1_3' title="bbox 425 1254 1276 1459">
     <span class='ocr_line' id='line_1_3' title="bbox 425 1254 1276 1322; baseline -0.006 0"><span class='ocrx_word' id='word_1_6' title='bbox 425 1257 680 1322; x_wconf 84' lang='lat' dir='ltr'>RESPONSIO</span> <span class='ocrx_word' id='word_1_7' title='bbox 702 1256 912 1322; x_wconf 84' lang='lat' dir='ltr'>EPISCOPI</span> <span class='ocrx_word' id='word_1_8' title='bbox 934 1256 997 1319; x_wconf 83' lang='lat' dir='ltr'><strong>AD</strong></span> <span class='ocrx_word' id='word_1_9' title='bbox 1022 1254 1276 1320; x_wconf 83' lang='lat' dir='ltr'>SECUNDAM</span> 
     </span>
     <span class='ocr_line' id='line_1_4' title="bbox 715 1393 987 1459; baseline -0.004 -1"><span class='ocrx_word' id='word_1_10' title='bbox 715 1393 987 1459; x_wconf 83' lang='lat' dir='ltr'><strong>EPISTOLAM.</strong></span> 
     </span>
    </p>
   </div>
   <div class='ocr_carea' id='block_1_4' title="bbox 298 1661 1402 2365">
    <p class='ocr_par' dir='ltr' id='par_1_4' title="bbox 298 1661 1402 2365">
     <span class='ocr_line' id='line_1_5' title="bbox 299 1661 1401 1744; baseline -0.005 -15"><span class='ocrx_word' id='word_1_11' title='bbox 299 1665 451 1729; x_wconf 79' lang='lat' dir='ltr'>NONDUM</span> <span class='ocrx_word' id='word_1_12' title='bbox 468 1665 588 1729; x_wconf 87' lang='lat' dir='ltr'><strong>abierat</strong></span> <span class='ocrx_word' id='word_1_13' title='bbox 603 1663 793 1744; x_wconf 82' lang='lat' dir='ltr'><strong>veredarius,</strong></span> <span class='ocrx_word' id='word_1_14' title='bbox 805 1663 948 1727; x_wconf 89' lang='lat' dir='ltr'><strong>haerebat</strong></span> <span class='ocrx_word' id='word_1_15' title='bbox 961 1662 1015 1726; x_wconf 89' lang='lat' dir='ltr'><strong>hio</strong></span> <span class='ocrx_word' id='word_1_16' title='bbox 1029 1661 1070 1726; x_wconf 86' lang='lat' dir='ltr'><strong>ad</strong></span> <span class='ocrx_word' id='word_1_17' title='bbox 1085 1661 1171 1726; x_wconf 90' lang='lat' dir='ltr'><strong>diem</strong></span> <span class='ocrx_word' id='word_1_18' title='bbox 1185 1683 1288 1725; x_wconf 91' lang='lat' dir='ltr'><strong>unum</strong></span> <span class='ocrx_word' id='word_1_19' title='bbox 1302 1667 1401 1744; x_wconf 89' lang='lat' dir='ltr'><strong>atque</strong></span> 
     </span>
     <span class='ocr_line' id='line_1_6' title="bbox 299 1764 1401 1851; baseline -0.003 -21"><span class='ocrx_word' id='word_1_20' title='bbox 299 1767 446 1846; x_wconf 89' lang='lat' dir='ltr'><strong>alterum,</strong></span> <span class='ocrx_word' id='word_1_21' title='bbox 468 1775 563 1851; x_wconf 90' lang='lat' dir='ltr'><strong>atque</strong></span> <span class='ocrx_word' id='word_1_22' title='bbox 583 1767 668 1851; x_wconf 90' lang='lat' dir='ltr'><strong>apud</strong></span> <span class='ocrx_word' id='word_1_23' title='bbox 688 1787 763 1830; x_wconf 93' lang='lat' dir='ltr'><strong>eum</strong></span> <span class='ocrx_word' id='word_1_24' title='bbox 779 1765 947 1830; x_wconf 90' lang='lat' dir='ltr'><strong>interiores</strong></span> <span class='ocrx_word' id='word_1_25' title='bbox 964 1767 1034 1829; x_wconf 88' lang='lat' dir='ltr'><strong>istae</strong></span> <span class='ocrx_word' id='word_1_26' title='bbox 1056 1765 1158 1829; x_wconf 89' lang='lat' dir='ltr'><strong>literae</strong></span> <span class='ocrx_word' id='word_1_27' title='bbox 1180 1786 1270 1843; x_wconf 89' lang='lat' dir='ltr'><strong>meae,</strong></span> <span class='ocrx_word' id='word_1_28' title='bbox 1292 1764 1347 1843; x_wconf 91' lang='lat' dir='ltr'><strong>sic,</strong></span> <span class='ocrx_word' id='word_1_29' title='bbox 1362 1772 1401 1828; x_wconf 92' lang='lat' dir='ltr'><strong>ut</strong></span> 
     </span>
     <span class='ocr_line' id='line_1_7' title="bbox 299 1867 1401 1953; baseline -0.002 -21"><span class='ocrx_word' id='word_1_30' title='bbox 299 1877 387 1948; x_wconf 90' lang='lat' dir='ltr'><strong>sunt,</strong></span> <span class='ocrx_word' id='word_1_31' title='bbox 411 1869 606 1953; x_wconf 74' lang='lat' dir='ltr'><strong>obsignatae:</strong></span> <span class='ocrx_word' id='word_1_32' title='bbox 641 1890 715 1932; x_wconf 91' lang='lat' dir='ltr'><strong>cum</strong></span> <span class='ocrx_word' id='word_1_33' title='bbox 739 1888 813 1932; x_wconf 89' lang='lat' dir='ltr'><strong>ecce</strong></span> <span class='ocrx_word' id='word_1_34' title='bbox 839 1867 955 1931; x_wconf 87' lang='lat' dir='ltr'><strong>alteras</strong></span> <span class='ocrx_word' id='word_1_35' title='bbox 977 1874 1049 1930; x_wconf 90' lang='lat' dir='ltr'><strong>tuas</strong></span> <span class='ocrx_word' id='word_1_36' title='bbox 1072 1867 1200 1951; x_wconf 88' lang='lat' dir='ltr'><strong>accipio,</strong></span> <span class='ocrx_word' id='word_1_37' title='bbox 1219 1867 1401 1951; x_wconf 80' lang='lat' dir='ltr'><strong>perferente</strong></span> 
     </span>
     <span class='ocr_line' id='line_1_8' title="bbox 299 1969 1399 2054; baseline -0.003 -18"><span class='ocrx_word' id='word_1_38' title='bbox 299 1992 352 2036; x_wconf 89' lang='lat' dir='ltr'><strong>eas</strong></span> <span class='ocrx_word' id='word_1_39' title='bbox 368 1973 509 2037; x_wconf 91' lang='lat' dir='ltr'><strong>Domino</strong></span> <span class='ocrx_word' id='word_1_40' title='bbox 521 1973 684 2036; x_wconf 90' lang='lat' dir='ltr'><strong>Beechero</strong></span> <span class='ocrx_word' id='word_1_41' title='bbox 694 1971 876 2054; x_wconf 87' lang='lat' dir='ltr'><strong>ex·Agente</strong></span> <span class='ocrx_word' id='word_1_42' title='bbox 886 1970 998 2054; x_wconf 91' lang='lat' dir='ltr'><strong>Regio,</strong></span> <span class='ocrx_word' id='word_1_43' title='bbox 1011 1991 1117 2054; x_wconf 90' lang='lat' dir='ltr'><strong>nuper</strong></span> <span class='ocrx_word' id='word_1_44' title='bbox 1129 1992 1148 2033; x_wconf 88' lang='lat' dir='ltr'><strong>a</strong></span> <span class='ocrx_word' id='word_1_45' title='bbox 1158 1969 1247 2034; x_wconf 83' lang='lat' dir='ltr'><strong>vobis</strong></span> <span class='ocrx_word' id='word_1_46' title='bbox 1261 1990 1399 2034; x_wconf 88' lang='lat' dir='ltr'><strong>reverso.</strong></span> 
     </span>
     <span class='ocr_line' id='line_1_9' title="bbox 299 2073 1401 2159; baseline -0.004 -19"><span class='ocrx_word' id='word_1_47' title='bbox 299 2076 423 2159; x_wconf 85' lang='lat' dir='ltr'><strong>Repeto</strong></span> <span class='ocrx_word' id='word_1_48' title='bbox 446 2075 555 2138; x_wconf 89' lang='lat' dir='ltr'><strong>statim</strong></span> <span class='ocrx_word' id='word_1_49' title='bbox 576 2075 698 2158; x_wconf 81' lang='lat' dir='ltr'><strong>priores</strong></span> <span class='ocrx_word' id='word_1_50' title='bbox 719 2094 818 2151; x_wconf 88' lang='lat' dir='ltr'><strong>meas,</strong></span> <span class='ocrx_word' id='word_1_51' title='bbox 841 2094 901 2138; x_wconf 90' lang='lat' dir='ltr'><strong>nec</strong></span> <span class='ocrx_word' id='word_1_52' title='bbox 922 2073 1053 2137; x_wconf 88' lang='lat' dir='ltr'><strong>recludo</strong></span> <span class='ocrx_word' id='word_1_53' title='bbox 1072 2080 1192 2150; x_wconf 87' lang='lat' dir='ltr'><strong>tamen,</strong></span> <span class='ocrx_word' id='word_1_54' title='bbox 1214 2073 1279 2152; x_wconf 83' lang='lat' dir='ltr'><strong>red,</strong></span> <span class='ocrx_word' id='word_1_55' title='bbox 1303 2073 1348 2137; x_wconf 89' lang='lat' dir='ltr'><strong>sie</strong></span> <span class='ocrx_word' id='word_1_56' title='bbox 1361 2079 1401 2137; x_wconf 89' lang='lat' dir='ltr'><strong>ut</strong></span> 
     </span>
     <span class='ocr_line' id='line_1_10' title="bbox 298 2176 1402 2260; baseline -0.002 -19"><span class='ocrx_word' id='word_1_57' title='bbox 298 2185 401 2257; x_wconf 86' lang='lat' dir='ltr'><strong>crant,</strong></span> <span class='ocrx_word' id='word_1_58' title='bbox 425 2179 520 2242; x_wconf 86' lang='lat' dir='ltr'><strong>hasce</strong></span> <span class='ocrx_word' id='word_1_59' title='bbox 543 2177 607 2241; x_wconf 88' lang='lat' dir='ltr'><strong>illis</strong></span> <span class='ocrx_word' id='word_1_60' title='bbox 630 2176 854 2260; x_wconf 78' lang='lat' dir='ltr'><strong>superinduco.</strong></span> <span class='ocrx_word' id='word_1_61' title='bbox 899 2177 1001 2241; x_wconf 93' lang='lat' dir='ltr'><strong>Nolui</strong></span> <span class='ocrx_word' id='word_1_62' title='bbox 1018 2176 1107 2240; x_wconf 92' lang='lat' dir='ltr'><strong>enim</strong></span> <span class='ocrx_word' id='word_1_63' title='bbox 1129 2177 1339 2255; x_wconf 86' lang='lat' dir='ltr'><strong>committere,</strong></span> <span class='ocrx_word' id='word_1_64' title='bbox 1362 2183 1402 2240; x_wconf 87' lang='lat' dir='ltr'><strong>ut</strong></span> 
     </span>
     <span class='ocr_line' id='line_1_11' title="bbox 298 2279 1401 2365; baseline -0.001 -20"><span class='ocrx_word' id='word_1_65' title='bbox 298 2281 347 2345; x_wconf 88' lang='lat' dir='ltr'><strong>bis</strong></span> <span class='ocrx_word' id='word_1_66' title='bbox 375 2281 461 2345; x_wconf 92' lang='lat' dir='ltr'><strong>idem</strong></span> <span class='ocrx_word' id='word_1_67' title='bbox 485 2301 669 2365; x_wconf 85' lang='lat' dir='ltr'><strong>peccarem3</strong></span> <span class='ocrx_word' id='word_1_68' title='bbox 694 2280 773 2363; x_wconf 92' lang='lat' dir='ltr'><strong>quin</strong></span> <span class='ocrx_word' id='word_1_69' title='bbox 797 2279 913 2363; x_wconf 91' lang='lat' dir='ltr'><strong>potius,</strong></span> <span class='ocrx_word' id='word_1_70' title='bbox 937 2285 975 2343; x_wconf 88' lang='lat' dir='ltr'><strong>ut</strong></span> <span class='ocrx_word' id='word_1_71' title='bbox 999 2280 1187 2343; x_wconf 78' lang='lat' dir='ltr'><strong>tarditatem</strong></span> <span class='ocrx_word' id='word_1_72' title='bbox 1209 2279 1324 2362; x_wconf 89' lang='lat' dir='ltr'><strong>prioris</strong></span> <span class='ocrx_word' id='word_1_73' title='bbox 1350 2300 1401 2344; x_wconf 90' lang='lat' dir='ltr'><strong>re-</strong></span> 
     </span>
    </p>
   </div>
   <div class='ocr_carea' id='block_1_5' title="bbox 294 2382 1402 3808">
    <p class='ocr_par' dir='ltr' id='par_1_5' title="bbox 294 2382 1402 3292">
     <span class='ocr_line' id='line_1_12' title="bbox 298 2382 1402 2468; baseline 0 -22"><span class='ocrx_word' id='word_1_74' title='bbox 298 2384 408 2466; x_wconf 90' lang='lat' dir='ltr'><strong>sponsi</strong></span> <span class='ocrx_word' id='word_1_75' title='bbox 433 2384 530 2468; x_wconf 87' lang='lat' dir='ltr'><strong>hujus</strong></span> <span class='ocrx_word' id='word_1_76' title='bbox 553 2383 716 2448; x_wconf 86' lang='lat' dir='ltr'><strong>celeritate</strong></span> <span class='ocrx_word' id='word_1_77' title='bbox 737 2402 985 2466; x_wconf 79' lang='lat' dir='ltr'><strong>compensarem.</strong></span> <span class='ocrx_word' id='word_1_78' title='bbox 1030 2383 1176 2466; x_wconf 83' lang='lat' dir='ltr'><strong>Accipies</strong></span> <span class='ocrx_word' id='word_1_79' title='bbox 1197 2382 1306 2465; x_wconf 88' lang='lat' dir='ltr'><strong>igitur,</strong></span> <span class='ocrx_word' id='word_1_80' title='bbox 1325 2403 1402 2446; x_wconf 91' lang='lat' dir='ltr'><strong>cum</strong></span> 
     </span>
     <span class='ocr_line' id='line_1_13' title="bbox 297 2485 1400 2570; baseline 0.002 -21"><span class='ocrx_word' id='word_1_81' title='bbox 297 2486 417 2569; x_wconf 89' lang='lat' dir='ltr'><strong>primis,</strong></span> <span class='ocrx_word' id='word_1_82' title='bbox 434 2485 589 2549; x_wconf 87' lang='lat' dir='ltr'><strong>secundas</strong></span> <span class='ocrx_word' id='word_1_83' title='bbox 609 2486 686 2549; x_wconf 89' lang='lat' dir='ltr'><strong>has:</strong></span> <span class='ocrx_word' id='word_1_84' title='bbox 710 2485 891 2569; x_wconf 84' lang='lat' dir='ltr'><strong>gratiasque</strong></span> <span class='ocrx_word' id='word_1_85' title='bbox 913 2507 979 2550; x_wconf 89' lang='lat' dir='ltr'><strong>una</strong></span> <span class='ocrx_word' id='word_1_86' title='bbox 1000 2507 1089 2551; x_wconf 87' lang='lat' dir='ltr'><strong>meas</strong></span> <span class='ocrx_word' id='word_1_87' title='bbox 1109 2486 1149 2550; x_wconf 91' lang='lat' dir='ltr'><strong>de</strong></span> <span class='ocrx_word' id='word_1_88' title='bbox 1164 2486 1300 2570; x_wconf 88' lang='lat' dir='ltr'><strong>geminis</strong></span> <span class='ocrx_word' id='word_1_89' title='bbox 1314 2487 1400 2551; x_wconf 88' lang='lat' dir='ltr'><strong>tuis:</strong></span> 
     </span>
     <span class='ocr_line' id='line_1_14' title="bbox 298 2586 1402 2675; baseline 0.002 -23"><span class='ocrx_word' id='word_1_90' title='bbox 298 2588 355 2652; x_wconf 90' lang='lat' dir='ltr'><strong>sed</strong></span> <span class='ocrx_word' id='word_1_91' title='bbox 379 2586 676 2675; x_wconf 74' lang='lat' dir='ltr'><strong>deereporrpdrove⁸</strong></span> <span class='ocrx_word' id='word_1_92' title='bbox 701 2589 800 2672; x_wconf 88' lang='lat' dir='ltr'><strong>quasi,</strong></span> <span class='ocrx_word' id='word_1_93' title='bbox 826 2611 943 2674; x_wconf 91' lang='lat' dir='ltr'><strong>nempe</strong></span> <span class='ocrx_word' id='word_1_94' title='bbox 967 2589 1003 2653; x_wconf 91' lang='lat' dir='ltr'><strong>in</strong></span> <span class='ocrx_word' id='word_1_95' title='bbox 1029 2589 1175 2664; x_wconf 85' lang='lat' dir='ltr'><strong>secundis</strong></span> <span class='ocrx_word' id='word_1_96' title='bbox 1203 2589 1255 2653; x_wconf 86' lang='lat' dir='ltr'><strong>his</strong></span> <span class='ocrx_word' id='word_1_97' title='bbox 1280 2590 1402 2674; x_wconf 87' lang='lat' dir='ltr'><strong>primas</strong></span> 
     </span>
     <span class='ocr_line' id='line_1_15' title="bbox 294 2691 1402 2776; baseline 0.002 -22"><span class='ocrx_word' id='word_1_98' title='bbox 294 2693 381 2776; x_wconf 88' lang='lat' dir='ltr'><strong>jam;</strong></span> <span class='ocrx_word' id='word_1_99' title='bbox 413 2691 584 2776; x_wconf 90' lang='lat' dir='ltr'><strong>inprimis</strong></span> <span class='ocrx_word' id='word_1_100' title='bbox 610 2691 674 2755; x_wconf 89' lang='lat' dir='ltr'><strong>illis</strong></span> <span class='ocrx_word' id='word_1_101' title='bbox 703 2692 859 2756; x_wconf 79' lang='lat' dir='ltr'><strong>secundas</strong></span> <span class='ocrx_word' id='word_1_102' title='bbox 891 2694 939 2776; x_wconf 90' lang='lat' dir='ltr'><strong>(ut</strong></span> <span class='ocrx_word' id='word_1_103' title='bbox 962 2714 995 2756; x_wconf 92' lang='lat' dir='ltr'><strong>se</strong></span> <span class='ocrx_word' id='word_1_104' title='bbox 1018 2714 1070 2756; x_wconf 88' lang='lat' dir='ltr'><strong>res</strong></span> <span class='ocrx_word' id='word_1_105' title='bbox 1099 2692 1223 2774; x_wconf 87' lang='lat' dir='ltr'><strong>habet).</strong></span> <span class='ocrx_word' id='word_1_106' title='bbox 1269 2693 1402 2757; x_wconf 83' lang='lat' dir='ltr'><strong>Gratias</strong></span> 
     </span>
     <span class='ocr_line' id='line_1_16' title="bbox 300 2794 1402 2879; baseline 0.002 -21"><span class='ocrx_word' id='word_1_107' title='bbox 300 2796 456 2879; x_wconf 87' lang='lat' dir='ltr'><strong>(inquam)</strong></span> <span class='ocrx_word' id='word_1_108' title='bbox 483 2801 554 2859; x_wconf 91' lang='lat' dir='ltr'><strong>tum</strong></span> <span class='ocrx_word' id='word_1_109' title='bbox 581 2794 620 2858; x_wconf 93' lang='lat' dir='ltr'><strong>de</strong></span> <span class='ocrx_word' id='word_1_110' title='bbox 643 2795 728 2859; x_wconf 89' lang='lat' dir='ltr'><strong>libro</strong></span> <span class='ocrx_word' id='word_1_111' title='bbox 746 2795 803 2859; x_wconf 95' lang='lat' dir='ltr'><strong>illo</strong></span> <span class='ocrx_word' id='word_1_112' title='bbox 828 2803 885 2859; x_wconf 91' lang='lat' dir='ltr'><strong>tuo</strong></span> <span class='ocrx_word' id='word_1_113' title='bbox 906 2795 1102 2879; x_wconf 87' lang='lat' dir='ltr'><strong>jampridem</strong></span> <span class='ocrx_word' id='word_1_114' title='bbox 1125 2795 1241 2860; x_wconf 87' lang='lat' dir='ltr'><strong>misso:</strong></span> <span class='ocrx_word' id='word_1_115' title='bbox 1265 2816 1340 2859; x_wconf 91' lang='lat' dir='ltr'><strong>cum</strong></span> <span class='ocrx_word' id='word_1_116' title='bbox 1360 2796 1402 2861; x_wconf 94' lang='lat' dir='ltr'><strong>de</strong></span> 
     </span>
     <span class='ocr_line' id='line_1_17' title="bbox 297 2897 1402 2983; baseline -0.001 -20"><span class='ocrx_word' id='word_1_117' title='bbox 297 2899 472 2982; x_wconf 88' lang='lat' dir='ltr'><strong>posteriore</strong></span> <span class='ocrx_word' id='word_1_118' title='bbox 490 2900 561 2976; x_wconf 91' lang='lat' dir='ltr'><strong>hoo,</strong></span> <span class='ocrx_word' id='word_1_119' title='bbox 584 2897 768 2982; x_wconf 89' lang='lat' dir='ltr'><strong>propediem</strong></span> <span class='ocrx_word' id='word_1_120' title='bbox 793 2898 841 2983; x_wconf 91' lang='lat' dir='ltr'><strong>(ut</strong></span> <span class='ocrx_word' id='word_1_121' title='bbox 864 2919 934 2982; x_wconf 88' lang='lat' dir='ltr'><strong>spes</strong></span> <span class='ocrx_word' id='word_1_122' title='bbox 954 2899 1014 2981; x_wconf 88' lang='lat' dir='ltr'><strong>est)</strong></span> <span class='ocrx_word' id='word_1_123' title='bbox 1035 2899 1204 2964; x_wconf 90' lang='lat' dir='ltr'><strong>mittendo.</strong></span> <span class='ocrx_word' id='word_1_124' title='bbox 1249 2900 1402 2982; x_wconf 85' lang='lat' dir='ltr'><strong>Negabat</strong></span> 
     </span>
     <span class='ocr_line' id='line_1_18' title="bbox 296 3000 1400 3085; baseline 0.001 -21"><span class='ocrx_word' id='word_1_125' title='bbox 296 3001 384 3064; x_wconf 92' lang='lat' dir='ltr'><strong>enim</strong></span> <span class='ocrx_word' id='word_1_126' title='bbox 400 3003 440 3065; x_wconf 92' lang='lat' dir='ltr'><strong>D.</strong></span> <span class='ocrx_word' id='word_1_127' title='bbox 459 3001 640 3065; x_wconf 86' lang='lat' dir='ltr'><strong>Beecherus</strong></span> <span class='ocrx_word' id='word_1_128' title='bbox 655 3000 706 3064; x_wconf 85' lang='lat' dir='ltr'><strong>vel</strong></span> <span class='ocrx_word' id='word_1_129' title='bbox 725 3007 927 3084; x_wconf 87' lang='lat' dir='ltr'><strong>compactum</strong></span> <span class='ocrx_word' id='word_1_130' title='bbox 949 3000 1054 3065; x_wconf 88' lang='lat' dir='ltr'><strong>adhuc</strong></span> <span class='ocrx_word' id='word_1_131' title='bbox 1082 3002 1167 3085; x_wconf 86' lang='lat' dir='ltr'><strong>(eum</strong></span> <span class='ocrx_word' id='word_1_132' title='bbox 1187 3001 1277 3064; x_wconf 92' lang='lat' dir='ltr'><strong>illinc</strong></span> <span class='ocrx_word' id='word_1_133' title='bbox 1300 3001 1400 3065; x_wconf 91' lang='lat' dir='ltr'><strong>disoe-</strong></span> 
     </span>
     <span class='ocr_line' id='line_1_19' title="bbox 297 3103 1401 3194; baseline 0.003 -27"><span class='ocrx_word' id='word_1_134' title='bbox 297 3104 413 3187; x_wconf 87' lang='lat' dir='ltr'><strong>deret),</strong></span> <span class='ocrx_word' id='word_1_135' title='bbox 431 3104 479 3168; x_wconf 85' lang='lat' dir='ltr'><strong>vel</strong></span> <span class='ocrx_word' id='word_1_136' title='bbox 494 3110 580 3168; x_wconf 88' lang='lat' dir='ltr'><strong>certe</strong></span> <span class='ocrx_word' id='word_1_137' title='bbox 596 3103 637 3167; x_wconf 90' lang='lat' dir='ltr'><strong>ad</strong></span> <span class='ocrx_word' id='word_1_138' title='bbox 652 3124 686 3167; x_wconf 92' lang='lat' dir='ltr'><strong>se</strong></span> <span class='ocrx_word' id='word_1_139' title='bbox 701 3103 861 3194; x_wconf 80' lang='lat' dir='ltr'><strong>delatum:</strong></span> <span class='ocrx_word' id='word_1_140' title='bbox 886 3125 922 3168; x_wconf 90' lang='lat' dir='ltr'><strong>ac</strong></span> <span class='ocrx_word' id='word_1_141' title='bbox 937 3126 975 3168; x_wconf 91' lang='lat' dir='ltr'><strong>eo</strong></span> <span class='ocrx_word' id='word_1_142' title='bbox 990 3106 1121 3169; x_wconf 92' lang='lat' dir='ltr'><strong>nomine</strong></span> <span class='ocrx_word' id='word_1_143' title='bbox 1143 3106 1276 3170; x_wconf 89' lang='lat' dir='ltr'><strong>accessit</strong></span> <span class='ocrx_word' id='word_1_144' title='bbox 1291 3106 1332 3169; x_wconf 87' lang='lat' dir='ltr'><strong>ad</strong></span> <span class='ocrx_word' id='word_1_145' title='bbox 1347 3128 1401 3170; x_wconf 94' lang='lat' dir='ltr'><strong>me</strong></span> 
     </span>
     <span class='ocr_line' id='line_1_20' title="bbox 297 3206 1225 3292; baseline 0.002 -22"><span class='ocrx_word' id='word_1_146' title='bbox 297 3207 417 3271; x_wconf 86' lang='lat' dir='ltr'><strong>serius:</strong></span> <span class='ocrx_word' id='word_1_147' title='bbox 442 3207 497 3270; x_wconf 89' lang='lat' dir='ltr'><strong>sed</strong></span> <span class='ocrx_word' id='word_1_148' title='bbox 508 3206 607 3292; x_wconf 86' lang='lat' dir='ltr'><strong>jussit</strong></span> <span class='ocrx_word' id='word_1_149' title='bbox 620 3227 714 3290; x_wconf 88' lang='lat' dir='ltr'><strong>porro</strong></span> <span class='ocrx_word' id='word_1_150' title='bbox 730 3228 855 3290; x_wconf 90' lang='lat' dir='ltr'><strong>sperare</strong></span> <span class='ocrx_word' id='word_1_151' title='bbox 871 3229 923 3271; x_wconf 91' lang='lat' dir='ltr'><strong>me</strong></span> <span class='ocrx_word' id='word_1_152' title='bbox 938 3229 998 3272; x_wconf 91' lang='lat' dir='ltr'><strong>nec</strong></span> <span class='ocrx_word' id='word_1_153' title='bbox 1014 3208 1134 3273; x_wconf 85' lang='lat' dir='ltr'><strong>frustra</strong></span> <span class='ocrx_word' id='word_1_154' title='bbox 1148 3209 1225 3272; x_wconf 86' lang='lat' dir='ltr'><strong>fore.</strong></span> 
     </span>
    </p>

    <p class='ocr_par' dir='ltr' id='par_1_6' title="bbox 295 3311 1401 3808">
     <span class='ocr_line' id='line_1_21' title="bbox 340 3311 1401 3398; baseline 0.003 -23"><span class='ocrx_word' id='word_1_155' title='bbox 340 3312 391 3375; x_wconf 95' lang='lat' dir='ltr'><strong>De</strong></span> <span class='ocrx_word' id='word_1_156' title='bbox 406 3312 580 3394; x_wconf 74' lang='lat' dir='ltr'><strong>mitipaado</strong></span> <span class='ocrx_word' id='word_1_157' title='bbox 594 3311 629 3373; x_wconf 88' lang='lat' dir='ltr'><strong>in</strong></span> <span class='ocrx_word' id='word_1_158' title='bbox 644 3317 677 3373; x_wconf 90' lang='lat' dir='ltr'><strong>te</strong></span> <span class='ocrx_word' id='word_1_159' title='bbox 692 3311 789 3393; x_wconf 65' lang='lat' dir='ltr'><strong>Regis</strong></span> <span class='ocrx_word' id='word_1_160' title='bbox 804 3313 916 3390; x_wconf 78' lang='lat' dir='ltr'><strong>animo,</strong></span> <span class='ocrx_word' id='word_1_161' title='bbox 933 3333 999 3376; x_wconf 92' lang='lat' dir='ltr'><strong>non</strong></span> <span class='ocrx_word' id='word_1_162' title='bbox 1016 3320 1064 3376; x_wconf 89' lang='lat' dir='ltr'><strong>est</strong></span> <span class='ocrx_word' id='word_1_163' title='bbox 1084 3313 1175 3396; x_wconf 92' lang='lat' dir='ltr'><strong>(mihi</strong></span> <span class='ocrx_word' id='word_1_164' title='bbox 1190 3313 1294 3398; x_wconf 90' lang='lat' dir='ltr'><strong>crede)</strong></span> <span class='ocrx_word' id='word_1_165' title='bbox 1315 3314 1401 3396; x_wconf 92' lang='lat' dir='ltr'><strong>quod</strong></span> 
     </span>
     <span class='ocr_line' id='line_1_22' title="bbox 295 3414 1399 3501; baseline 0.005 -24"><span class='ocrx_word' id='word_1_166' title='bbox 295 3415 431 3480; x_wconf 87' lang='lat' dir='ltr'><strong>labores.</strong></span> <span class='ocrx_word' id='word_1_167' title='bbox 476 3414 570 3480; x_wconf 93' lang='lat' dir='ltr'><strong>Nihil</strong></span> <span class='ocrx_word' id='word_1_168' title='bbox 591 3415 690 3480; x_wconf 88' lang='lat' dir='ltr'><strong>habet</strong></span> <span class='ocrx_word' id='word_1_169' title='bbox 713 3415 838 3478; x_wconf 89' lang='lat' dir='ltr'><strong>animus</strong></span> <span class='ocrx_word' id='word_1_170' title='bbox 860 3416 949 3501; x_wconf 87' lang='lat' dir='ltr'><strong>Ejus,</strong></span> <span class='ocrx_word' id='word_1_171' title='bbox 967 3416 1051 3500; x_wconf 94' lang='lat' dir='ltr'><strong>quod</strong></span> <span class='ocrx_word' id='word_1_172' title='bbox 1072 3416 1221 3501; x_wconf 86' lang='lat' dir='ltr'><strong>mitigare</strong></span> <span class='ocrx_word' id='word_1_173' title='bbox 1240 3439 1320 3500; x_wconf 89' lang='lat' dir='ltr'><strong>opus</strong></span> <span class='ocrx_word' id='word_1_174' title='bbox 1336 3418 1399 3483; x_wconf 90' lang='lat' dir='ltr'><strong>sit:</strong></span> 
     </span>
     <span class='ocr_line' id='line_1_23' title="bbox 296 3517 1399 3603; baseline 0.003 -22"><span class='ocrx_word' id='word_1_175' title='bbox 296 3518 394 3583; x_wconf 89' lang='lat' dir='ltr'><strong>habet</strong></span> <span class='ocrx_word' id='word_1_176' title='bbox 419 3518 512 3597; x_wconf 82' lang='lat' dir='ltr'><strong>forte,</strong></span> <span class='ocrx_word' id='word_1_177' title='bbox 536 3517 623 3582; x_wconf 92' lang='lat' dir='ltr'><strong>unde</strong></span> <span class='ocrx_word' id='word_1_178' title='bbox 644 3517 748 3603; x_wconf 89' lang='lat' dir='ltr'><strong>magis</strong></span> <span class='ocrx_word' id='word_1_179' title='bbox 770 3519 875 3582; x_wconf 89' lang='lat' dir='ltr'><strong>adhuc</strong></span> <span class='ocrx_word' id='word_1_180' title='bbox 901 3519 1065 3602; x_wconf 87' lang='lat' dir='ltr'><strong>magisque</strong></span> <span class='ocrx_word' id='word_1_181' title='bbox 1087 3520 1256 3584; x_wconf 87' lang='lat' dir='ltr'><strong>conciliare</strong></span> <span class='ocrx_word' id='word_1_182' title='bbox 1279 3521 1378 3603; x_wconf 89' lang='lat' dir='ltr'><strong>possis</strong></span> <span class='ocrx_word' id='word_1_183' title='bbox 1389 3547 1399 3598; x_wconf 89' lang='lat'>;</span> 
     </span>
     <span class='ocr_line' id='line_1_24' title="bbox 295 3620 1401 3704; baseline 0.005 -22"><span class='ocrx_word' id='word_1_184' title='bbox 295 3620 439 3685; x_wconf 81' lang='lat' dir='ltr'><strong>facturus</strong></span> <span class='ocrx_word' id='word_1_185' title='bbox 455 3620 713 3704; x_wconf 89' lang='lat' dir='ltr'><strong>operaepretium</strong></span> <span class='ocrx_word' id='word_1_186' title='bbox 729 3620 756 3683; x_wconf 91' lang='lat' dir='ltr'><strong>si</strong></span> <span class='ocrx_word' id='word_1_187' title='bbox 775 3621 808 3684; x_wconf 93' lang='lat' dir='ltr'><strong>id</strong></span> <span class='ocrx_word' id='word_1_188' title='bbox 823 3621 946 3686; x_wconf 84' lang='lat' dir='ltr'><strong>feceris.</strong></span> <span class='ocrx_word' id='word_1_189' title='bbox 992 3621 1118 3686; x_wconf 85' lang='lat' dir='ltr'><strong>Feceris</strong></span> <span class='ocrx_word' id='word_1_190' title='bbox 1140 3629 1258 3701; x_wconf 88' lang='lat' dir='ltr'><strong>autem,</strong></span> <span class='ocrx_word' id='word_1_191' title='bbox 1274 3623 1301 3685; x_wconf 88' lang='lat' dir='ltr'><strong>si</strong></span> <span class='ocrx_word' id='word_1_192' title='bbox 1316 3623 1401 3687; x_wconf 86' lang='lat' dir='ltr'><strong>viam</strong></span> 
     </span>
     <span class='ocr_line' id='line_1_25' title="bbox 296 3723 1399 3808; baseline 0.004 -23"><span class='ocrx_word' id='word_1_193' title='bbox 296 3724 395 3802; x_wconf 89' lang='lat' dir='ltr'><strong>ineas,</strong></span> <span class='ocrx_word' id='word_1_194' title='bbox 406 3745 502 3806; x_wconf 92' lang='lat' dir='ltr'><strong>quam</strong></span> <span class='ocrx_word' id='word_1_195' title='bbox 518 3745 537 3786; x_wconf 92' lang='lat' dir='ltr'><strong>a</strong></span> <span class='ocrx_word' id='word_1_196' title='bbox 551 3723 680 3787; x_wconf 92' lang='lat' dir='ltr'><strong>nemine</strong></span> <span class='ocrx_word' id='word_1_197' title='bbox 696 3723 880 3786; x_wconf 88' lang='lat' dir='ltr'><strong>mortalium</strong></span> <span class='ocrx_word' id='word_1_198' title='bbox 895 3723 1009 3786; x_wconf 88' lang='lat' dir='ltr'><strong>melius</strong></span> <span class='ocrx_word' id='word_1_199' title='bbox 1023 3724 1137 3803; x_wconf 89' lang='lat' dir='ltr'><strong>diseas,</strong></span> <span class='ocrx_word' id='word_1_200' title='bbox 1150 3746 1246 3808; x_wconf 87' lang='lat' dir='ltr'><strong>quam</strong></span> <span class='ocrx_word' id='word_1_201' title='bbox 1261 3725 1301 3788; x_wconf 93' lang='lat' dir='ltr'><strong>ab</strong></span> <span class='ocrx_word' id='word_1_202' title='bbox 1313 3726 1399 3808; x_wconf 90' lang='lat' dir='ltr'><strong>Ipso.</strong></span> 
     </span>
    </p>
   </div>
   <div class='ocr_carea' id='block_1_6' title="bbox 198 3827 1401 3911">
    <p class='ocr_par' dir='ltr' id='par_1_7' title="bbox 198 3827 1401 3911">
     <span class='ocr_line' id='line_1_26' title="bbox 198 3827 1401 3911; baseline 0.001 -20"><span class='ocrx_word' id='word_1_203' title='bbox 198 3847 214 3872; x_wconf 90' lang='lat'><strong>·</strong></span> <span class='ocrx_word' id='word_1_204' title='bbox 298 3829 369 3910; x_wconf 89' lang='lat' dir='ltr'><strong>Ego</strong></span> <span class='ocrx_word' id='word_1_205' title='bbox 384 3848 458 3892; x_wconf 91' lang='lat' dir='ltr'><strong>vero</strong></span> <span class='ocrx_word' id='word_1_206' title='bbox 472 3827 577 3890; x_wconf 89' lang='lat' dir='ltr'><strong>libens</strong></span> <span class='ocrx_word' id='word_1_207' title='bbox 592 3847 731 3908; x_wconf 86' lang='lat' dir='ltr'><strong>agnosco</strong></span> <span class='ocrx_word' id='word_1_208' title='bbox 746 3827 916 3909; x_wconf 86' lang='lat' dir='ltr'><strong>aequiorem</strong></span> <span class='ocrx_word' id='word_1_209' title='bbox 932 3832 966 3891; x_wconf 90' lang='lat' dir='ltr'><strong>te</strong></span> <span class='ocrx_word' id='word_1_210' title='bbox 980 3827 1015 3889; x_wconf 89' lang='lat' dir='ltr'><strong>in</strong></span> <span class='ocrx_word' id='word_1_211' title='bbox 1030 3849 1081 3891; x_wconf 90' lang='lat' dir='ltr'><strong>res</strong></span> <span class='ocrx_word' id='word_1_212' title='bbox 1095 3835 1231 3908; x_wconf 87' lang='lat' dir='ltr'><strong>nostras,</strong></span> <span class='ocrx_word' id='word_1_213' title='bbox 1240 3827 1401 3911; x_wconf 91' lang='lat' dir='ltr'><strong>plerisque</strong></span> 
     </span>
    </p>
   </div>
   <div class='ocr_carea' id='block_1_7' title="bbox 296 3925 1402 4423">
    <p class='ocr_par' dir='ltr' id='par_1_8' title="bbox 296 3925 1402 4423">
     <span class='ocr_line' id='line_1_27' title="bbox 299 3925 1399 4014; baseline 0.003 -22"><span class='ocrx_word' id='word_1_214' title='bbox 299 3936 459 4007; x_wconf 84' lang='lat' dir='ltr'><strong>vestrum3</strong></span> <span class='ocrx_word' id='word_1_215' title='bbox 483 3935 604 4012; x_wconf 91' lang='lat' dir='ltr'><strong>quanto</strong></span> <span class='ocrx_word' id='word_1_216' title='bbox 618 3928 721 4012; x_wconf 87' lang='lat' dir='ltr'><strong>magis</strong></span> <span class='ocrx_word' id='word_1_217' title='bbox 734 3925 958 4012; x_wconf 88' lang='lat' dir='ltr'><strong>antiquitatem</strong></span> <span class='ocrx_word' id='word_1_218' title='bbox 973 3951 1089 4009; x_wconf 90' lang='lat' dir='ltr'><strong>versas,</strong></span> <span class='ocrx_word' id='word_1_219' title='bbox 1101 3936 1193 3994; x_wconf 85' lang='lat' dir='ltr'><strong>tanto</strong></span> <span class='ocrx_word' id='word_1_220' title='bbox 1208 3931 1399 4014; x_wconf 83' lang='lat' dir='ltr'><strong>aequiorem:</strong></span> 
     </span>
     <span class='ocr_line' id='line_1_28' title="bbox 299 4030 1402 4114; baseline 0.003 -21"><span class='ocrx_word' id='word_1_221' title='bbox 299 4031 383 4094; x_wconf 91' lang='lat' dir='ltr'><strong>addo</strong></span> <span class='ocrx_word' id='word_1_222' title='bbox 398 4039 430 4094; x_wconf 90' lang='lat' dir='ltr'><strong>et</strong></span> <span class='ocrx_word' id='word_1_223' title='bbox 445 4030 616 4114; x_wconf 89' lang='lat' dir='ltr'><strong>aequiorem</strong></span> <span class='ocrx_word' id='word_1_224' title='bbox 631 4030 735 4095; x_wconf 89' lang='lat' dir='ltr'><strong>adhuc</strong></span> <span class='ocrx_word' id='word_1_225' title='bbox 750 4031 853 4094; x_wconf 88' lang='lat' dir='ltr'><strong>multo</strong></span> <span class='ocrx_word' id='word_1_226' title='bbox 867 4030 1022 4110; x_wconf 84' lang='lat' dir='ltr'><strong>futurum,</strong></span> <span class='ocrx_word' id='word_1_227' title='bbox 1039 4032 1066 4094; x_wconf 90' lang='lat' dir='ltr'><strong>si</strong></span> <span class='ocrx_word' id='word_1_228' title='bbox 1080 4039 1114 4096; x_wconf 87' lang='lat' dir='ltr'><strong>te</strong></span> <span class='ocrx_word' id='word_1_229' title='bbox 1129 4033 1247 4096; x_wconf 93' lang='lat' dir='ltr'><strong>sineret</strong></span> <span class='ocrx_word' id='word_1_230' title='bbox 1256 4033 1402 4097; x_wconf 83' lang='lat' dir='ltr'><strong>Ecclesia</strong></span> 
     </span>
     <span class='ocr_line' id='line_1_29' title="bbox 297 4133 1400 4218; baseline 0.002 -22"><span class='ocrx_word' id='word_1_231' title='bbox 297 4139 422 4210; x_wconf 81' lang='lat' dir='ltr'><strong>vestra3</strong></span> <span class='ocrx_word' id='word_1_232' title='bbox 445 4134 572 4196; x_wconf 85' lang='lat' dir='ltr'><strong>utinam</strong></span> <span class='ocrx_word' id='word_1_233' title='bbox 596 4139 704 4198; x_wconf 92' lang='lat' dir='ltr'><strong>autem</strong></span> <span class='ocrx_word' id='word_1_234' title='bbox 725 4133 852 4198; x_wconf 86' lang='lat' dir='ltr'><strong>sineret.</strong></span> <span class='ocrx_word' id='word_1_235' title='bbox 898 4134 970 4212; x_wconf 91' lang='lat' dir='ltr'><strong>Illa,</strong></span> <span class='ocrx_word' id='word_1_236' title='bbox 986 4141 1024 4196; x_wconf 92' lang='lat' dir='ltr'><strong>ut</strong></span> <span class='ocrx_word' id='word_1_237' title='bbox 1038 4135 1174 4214; x_wconf 90' lang='lat' dir='ltr'><strong>videtur,</strong></span> <span class='ocrx_word' id='word_1_238' title='bbox 1190 4157 1400 4218; x_wconf 88' lang='lat' dir='ltr'><strong>personarum</strong></span> 
     </span>
     <span class='ocr_line' id='line_1_30' title="bbox 297 4235 1402 4321; baseline 0.004 -23"><span class='ocrx_word' id='word_1_239' title='bbox 297 4235 375 4299; x_wconf 89' lang='lat' dir='ltr'><strong>vitia</strong></span> <span class='ocrx_word' id='word_1_240' title='bbox 390 4235 431 4298; x_wconf 89' lang='lat' dir='ltr'><strong>ad</strong></span> <span class='ocrx_word' id='word_1_241' title='bbox 445 4257 496 4299; x_wconf 92' lang='lat' dir='ltr'><strong>res</strong></span> <span class='ocrx_word' id='word_1_242' title='bbox 510 4236 686 4316; x_wconf 84' lang='lat' dir='ltr'><strong>transtulit,</strong></span> <span class='ocrx_word' id='word_1_243' title='bbox 698 4257 869 4319; x_wconf 89' lang='lat' dir='ltr'><strong>rerumque</strong></span> <span class='ocrx_word' id='word_1_244' title='bbox 881 4236 960 4300; x_wconf 88' lang='lat' dir='ltr'><strong>adeo</strong></span> <span class='ocrx_word' id='word_1_245' title='bbox 972 4237 1153 4320; x_wconf 89' lang='lat' dir='ltr'><strong>legitimum</strong></span> <span class='ocrx_word' id='word_1_246' title='bbox 1164 4261 1259 4302; x_wconf 91' lang='lat' dir='ltr'><strong>usum</strong></span> <span class='ocrx_word' id='word_1_247' title='bbox 1270 4244 1402 4321; x_wconf 88' lang='lat' dir='ltr'><strong>propter</strong></span> 
     </span>
     <span class='ocr_line' id='line_1_31' title="bbox 296 4337 1400 4423; baseline 0.003 -22"><span class='ocrx_word' id='word_1_248' title='bbox 296 4337 433 4402; x_wconf 89' lang='lat' dir='ltr'><strong>abusum</strong></span> <span class='ocrx_word' id='word_1_249' title='bbox 449 4338 586 4416; x_wconf 87' lang='lat' dir='ltr'><strong>sustulit,</strong></span> <span class='ocrx_word' id='word_1_250' title='bbox 609 4339 765 4423; x_wconf 90' lang='lat' dir='ltr'><strong>paulatim</strong></span> <span class='ocrx_word' id='word_1_251' title='bbox 779 4339 840 4403; x_wconf 91' lang='lat' dir='ltr'><strong>hoo</strong></span> <span class='ocrx_word' id='word_1_252' title='bbox 855 4361 874 4402; x_wconf 87' lang='lat' dir='ltr'><strong>a</strong></span> <span class='ocrx_word' id='word_1_253' title='bbox 888 4339 976 4403; x_wconf 90' lang='lat' dir='ltr'><strong>vobis</strong></span> <span class='ocrx_word' id='word_1_254' title='bbox 1000 4340 1192 4404; x_wconf 88' lang='lat' dir='ltr'><strong>dedocenda.</strong></span> <span class='ocrx_word' id='word_1_255' title='bbox 1239 4341 1301 4406; x_wconf 86' lang='lat' dir='ltr'><strong>Cui</strong></span> <span class='ocrx_word' id='word_1_256' title='bbox 1321 4340 1400 4404; x_wconf 93' lang='lat' dir='ltr'><strong>dum</strong></span> 
     </span>
    </p>
   </div>
   <div class='ocr_carea' id='block_1_8' title="bbox 716 4465 968 4529">
    <p class='ocr_par' dir='ltr' id='par_1_9' title="bbox 716 4465 968 4529">
     <span class='ocr_line' id='line_1_32' title="bbox 716 4465 968 4529; baseline -0.004 -13"><span class='ocrx_word' id='word_1_257' title='bbox 716 4474 726 4496; x_wconf 86' lang='lat'><strong>¹</strong></span> <span class='ocrx_word' id='word_1_258' title='bbox 744 4465 968 4529; x_wconf 74' lang='lat' dir='ltr'><strong>Secundoprimas.</strong></span> 
     </span>
    </p>
   </div>
   <div class='ocr_carea' id='block_1_9' title="bbox 0 0 1490 4914">
    <p class='ocr_par' dir='ltr' id='par_1_10' title="bbox 0 0 1490 4914">
     <span class='ocr_line' id='line_1_33' title="bbox 0 0 1490 4914; baseline 0 0"><span class='ocrx_word' id='word_1_259' title='bbox 0 0 1490 4914; x_wconf 95' lang='lat' dir='ltr'><strong> </strong></span> 
     </span>
    </p>
   </div>
  </div>
 </body>
</html>
