2970 4914
525 281 586 331 rao
608 281 716 330 samu
737 280 901 330 noeroars.
1222 267 1259 329 11
1344 267 1349 276 ’

162 439 271 507 Saulis
287 446 320 505 et
341 439 474 518 Abneri,
497 461 535 504 ac
553 439 651 523 (quod
672 439 766 503 facile
788 440 837 521 fit)
864 437 966 504 nodos
988 437 1112 522 aliquos
1133 439 1262 505 aliunde

160 546 312 631 reperire,
334 565 398 628 quo
418 550 491 607 notu
514 564 557 607 ne
581 549 654 607 uota
678 543 752 606 sint
798 543 877 607 Non
899 542 1035 608 valuisse
1057 543 1187 627 quidem
1208 566 1262 609 eos

161 650 249 734 apud
263 650 379 731 Repem
394 648 570 726 cordatum,
587 647 644 711 sed
657 646 754 711 fuisse
768 653 879 711 tamen
894 646 1052 732 ejusmodi
1068 648 1261 727 monitores;

160 753 312 837 hancque
329 752 427 836 hujus
442 751 564 814 Versus
578 750 778 814 occasionem
797 749 907 829 fuisse,
922 771 984 814 nec
1002 751 1264 816 Commentatores

161 855 312 919 Hatram
335 855 522 939 conjectura
544 875 603 917 sua
620 853 714 918 valde
729 853 905 932 aberrasse,
926 853 1008 917 mihi
1021 855 1194 919 verisimile
1209 856 1263 920 sit.

161 960 240 1023 Non
255 958 393 1023 valuisse
413 957 567 1040 (inquam)
586 978 648 1035 eos,
669 956 791 1021 indicat
812 957 865 1020 hic
879 958 1073 1041 versus„qui
1091 959 1176 1042 apud
1194 959 1264 1043 pios

162 1071 196 1127 et
212 1061 378 1127 Salomoni
401 1061 521 1124 similes
537 1061 712 1142 Principes,
728 1068 885 1134 aeternum
900 1062 1049 1126 occludet
1063 1084 1099 1127 os
1113 1064 1264 1146 petitioni

161 1167 237 1231 isti:
259 1166 306 1230 Et
320 1165 354 1229 id
370 1186 497 1248 quoque
511 1164 644 1242 indicat,
660 1184 717 1228 our
731 1186 799 1229 non
813 1166 969 1231 valuerit:
992 1167 1154 1250 Laqueum
1176 1168 1263 1233 enim

162 1271 224 1336 sibi
239 1278 363 1334 certum
386 1269 464 1346 fore,
480 1269 611 1332 euitium
632 1269 746 1351 Regno
767 1290 835 1345 suo,
861 1270 890 1333 si
914 1270 976 1334 hoc
997 1277 1128 1335 tantum
1151 1273 1264 1337 Scelus

162 1375 361 1445 admitteret.
406 1373 485 1436 Esse
502 1372 631 1455 quidem
646 1392 751 1435 escam
765 1372 849 1436 hanc
863 1373 1084 1439 illecebrosam
1100 1374 1188 1454 satis,
1207 1375 1264 1439 sed

162 1477 354 1542 circumdari
369 1477 399 1540 ei
414 1478 556 1558 taqueum
570 1475 839 1560 inexplicabilem.

206 1581 316 1646 Verba
337 1580 452 1644 videtis
469 1601 532 1663 quo
555 1587 710 1663 spectent,
730 1581 775 1663 (et
796 1580 866 1663 ipsa
888 1602 921 1645 se
943 1578 1048 1665 prima
1068 1582 1175 1648 fronte
1190 1605 1263 1666 pro-

163 1684 277 1766 duntz)
305 1683 347 1746 ad
370 1685 504 1746 Sacrum
530 1683 649 1747 scilicet
673 1684 903 1747 Patrimonium
927 1686 1190 1764 conservandum,
1223 1687 1265 1749 ad

163 1788 317 1852 arcendas
333 1787 373 1851 ab
386 1808 424 1850 eo
438 1788 610 1869 sacritepas
624 1808 748 1866 manus,
759 1794 792 1849 et
804 1787 845 1850 ad
857 1788 973 1866 dentes,
990 1789 1045 1871 qui
1057 1789 1159 1852 Sacra
1175 1790 1263 1854 deuo-

161 1898 247 1970 rant,
258 1890 569 1973 obstupefaciendos.
593 1876 690 1957 Quod
700 1891 826 1953 utinam
840 1911 1027 1975 persuasum
1042 1891 1125 1955 foret
1138 1894 1264 1957 Saeculo

162 1994 240 2058 huic
254 2000 375 2073 nostro,
390 1993 426 2056 in
436 2015 499 2076 quo
509 1993 668 2078 pessimus
682 2014 753 2057 mos
766 1993 912 2073 invaluit,
928 1994 1018 2078 isque
1033 2004 1144 2059 manat
1159 1997 1264 2061 indies

162 2098 270 2176 latius,
282 2097 384 2160 Sacra
394 2097 606 2160 attrectandi:
623 2097 737 2179 inquo
753 2097 951 2160 accessiones
968 2098 1007 2161 ad
1023 2099 1145 2162 Otemm
1155 2100 1263 2179 nullae,

166 2203 305 2284 (utinam
319 2201 352 2264 id
374 2202 516 2284 tautum)
535 2201 656 2264 crebrae
678 2201 922 2265 imminutiones
938 2209 1035 2266 sunt:
1054 2203 1183 2268 Crebrae
1203 2205 1263 2287 (in-

164 2304 271 2387 quam)
291 2304 533 2368 imminutiones
549 2311 635 2383 sunt,
648 2313 744 2388 atque
758 2306 885 2369 utinam
899 2305 934 2370 id
948 2314 1077 2370 tantum
1094 2309 1264 2393 contingat

162 2408 279 2484 dicere,
302 2407 404 2481 Sunt;
428 2424 489 2471 nec
514 2429 611 2472 causa
638 2409 680 2472 sit
706 2430 850 2496 unquam
872 2408 978 2490 futuri
1002 2413 1149 2491 temporis
1169 2434 1262 2475 usur-

162 2510 280 2594 pandi:
314 2513 355 2575 In
382 2532 446 2594 quo
475 2511 621 2594 (liberam
646 2533 757 2577 vocem
781 2513 953 2594 emittam),
976 2534 1042 2595 prae
1067 2514 1167 2576 Sacra
1192 2517 1264 2578 auri

156 2613 262 2695 sumel
282 2614 366 2678 nihil
386 2622 435 2678 est
452 2616 605 2679 Sacrum.-
633 2617 675 2680 In
691 2638 764 2699 quo,
782 2616 951 2680 Sacrorum
965 2618 1166 2698 restauratio,
1181 2640 1263 2703 prae·

162 2725 272 2784 textus
289 2721 481 2803 Sacritepii.’

207 2823 261 2887 Ad
283 2824 346 2888 hoc
372 2837 482 2888 autem
506 2826 615 2889 saeculi
643 2826 747 2890 nostri
771 2825 939 2908 ingenium
964 2826 1085 2889 accedit
1115 2832 1148 2890 et
1174 2847 1262 2891 error

164 2926 254 3006 alter,
266 2929 352 3012 quod
366 2930 511 2993 Ittustres
525 2930 658 3010 illiniri,
674 2951 735 2994 nec
749 2951 892 3011 unquam
908 2930 976 2993 sine
991 2952 1117 2993 summa
1131 2930 1263 2994 honoris

163 3031 351 3114 praefatione
374 3031 573 3112 nominandi,
601 3054 737 3116 quorum
766 3034 866 3110 Deus,
896 3033 931 3096 in
954 3034 1115 3116 Relipione
1139 3043 1264 3098 restau-

162 3132 274 3213 randa,
291 3155 387 3216 opera
409 3156 486 3198 usus
508 3142 568 3214 est,
590 3135 630 3198 de
650 3136 810 3199 Doctrina
831 3135 1036 3227 restitutione
1056 3136 1148 3199 valde
1176 3137 1265 3201 solli-

123 3291 128 3301 ,
163 3234 230 3314 citi,
251 3234 292 3299 ad
307 3236 538 3299 Patrimonium
555 3237 663 3299 minus
679 3237 898 3313 attenderint;
921 3259 958 3301 ac
972 3237 1007 3300 id
1025 3259 1109 3321 pene
1124 3238 1264 3302 dixerint

164 3336 290 3402 diverso
309 3359 416 3419 sensu,
436 3340 521 3422 quod
537 3341 750 3404 Sodomarum
767 3341 845 3418 Rex,
861 3339 1057 3420 Abrahamo,
1073 3343 1158 3404 Date
1176 3343 1265 3405 nobis

164 3441 296 3520 animae,
312 3448 426 3505 catera
440 3444 525 3506 uobis
541 3445 680 3506 tannem.
724 3444 858 3521 Verum,
874 3452 913 3507 ut
939 3445 986 3507 illi
1002 3446 1057 3528 qui
1071 3446 1263 3529 Baptistam,

163 3543 211 3606 ita
224 3544 314 3608 ethi
336 3545 392 3629 qui
414 3567 448 3609 se
462 3546 685 3610 Abrahamum
707 3567 741 3608 se
762 3546 798 3608 in
821 3547 915 3609 Aulis
940 3548 1134 3630 Principum,
1157 3569 1263 3631 reper-

163 3654 256 3711 turos
271 3648 452 3731 sperabant,
468 3649 598 3732 utrique
612 3648 685 3712 falsi
703 3655 789 3712 sunt.

209 3750 275 3816 Qui
290 3772 379 3814 error
393 3753 453 3815 etsi
468 3753 546 3816 levis
562 3751 623 3826 sit3
649 3751 693 3834 (et
708 3759 757 3815 est
773 3758 859 3815 certe
874 3751 962 3830 levia,
980 3751 1006 3813 si
1021 3751 1062 3814 ad
1075 3773 1194 3835 magna
1208 3743 1265 3815 illa

163 3853 293 3918 illorum
313 3853 547 3941 κατορθώματα
567 3855 752 3919 conferatur
763 3857 785 3939 ς)
810 3863 921 3919 tamen
948 3855 1125 3919 verendum
1148 3863 1206 3934 est,
1229 3855 1264 3919 ni

164 3958 307 4039 sistatsn,
328 3979 371 4021 ne
386 3959 526 4041 graviter
545 3958 713 4022 incumbat
733 3960 880 4043 sequenti
901 3959 1035 4034 saecu103
1059 3959 1172 4042 inquo
1195 3981 1263 4023 cor-

164 4061 233 4124 dati
262 4061 322 4126 viri
351 4061 406 4144 (ex
434 4062 490 4126 illo
521 4063 714 4142 Salomonis,
745 4065 886 4126 Penuria
909 4065 1019 4141 Boum,
1049 4064 1102 4126 ubi
1125 4083 1264 4144 presepe

162 4165 342 4247 vacuumn),
358 4165 409 4229 vel
430 4165 629 4245 Barbariem,
645 4166 696 4229 vel
717 4166 804 4231 aliud
820 4166 906 4249 quod
927 4167 1032 4230 dicere
1054 4168 1140 4244 nolo,
1163 4187 1263 4248 augu-

163 4276 295 4332 rantur:
319 4267 399 4331 falso
425 4269 554 4352 quidem
575 4268 722 4349 fortasse,
747 4268 855 4352 (idque
876 4269 957 4333 faxit
976 4271 1065 4335 Deus
1076 4272 1096 4353 3)
1122 4270 1264 4341 sednon

223 4418 306 4482 [Virg.
320 4417 376 4468 AEn.
388 4419 424 4468 iii.
438 4419 487 4482 id]
772 4427 782 4448 ¹¹
799 4417 881 4481 [Prov.
895 4420 945 4469 xiv.
958 4420 994 4484 4.]
1169 4438 1170 4441 ’

195 4492 213 4513 ·
226 4483 302 4548 [Gen.
315 4484 366 4534 xiv.
379 4483 429 4546 n]
560 4499 565 4505 ·
1118 4505 1121 4511 ·
