2970 4914
246 235 288 299 14
635 251 752 303 couaro
773 252 817 301 aa
839 252 969 302 canaan

247 411 331 474 Cum
346 411 522 477 Ecclesiam
537 435 628 478 auam
652 414 736 498 (quae
751 435 863 477 sumus
883 413 954 496 nos)
974 419 1007 476 et
1022 414 1148 495 eiecerit
1163 413 1259 478 Pater
1274 421 1348 477 aute

247 515 392 577 seculum
403 528 425 594 ¹,
447 522 481 580 et
500 518 667 580 redemerit
683 517 783 581 Filius
806 537 826 580 a
844 517 954 579 recula
967 525 990 595 ⁸,
1014 521 1048 579 et
1065 517 1192 579 uacauit
1207 518 1346 600 Spiritus

246 618 281 681 in
295 621 405 684 aerulo
416 618 440 686 b.
486 621 632 686 Primum
646 620 773 685 habetis
791 619 1077 702 sanctificationem
1091 627 1247 687 nostram.

289 725 321 786 2.
334 723 423 787 Huic
432 725 547 789 veroin
558 724 652 790 nobis
663 724 868 808 procreandae
878 724 1030 808 primum,
1038 725 1113 788 dein
1121 725 1346 808 propagandae,

247 826 427 891 secundum
447 848 609 891 carrorum
626 849 729 912 genus
749 826 980 891 sanctificavit:
1004 827 1117 891 Media
1137 849 1254 911 nempe
1269 849 1346 910 qua-

245 935 330 1007 tuor,
368 933 397 994 1.
419 931 561 1010 Verbum,
599 935 630 996 2.
651 932 840 1008 Oratiaraem,
878 932 910 993 3.
933 931 1089 1012 Symbola,
1127 934 1159 994 4.
1182 932 1344 994 Omeuraa.

247 1037 277 1097 1.
299 1033 431 1098 Verbum
446 1055 521 1098 vero
543 1041 619 1099 ante
642 1041 767 1112 caetera,
792 1032 964 1114 Sauctifica
986 1054 1037 1096 eoa
1059 1035 1248 1112 inveritate,
1271 1035 1346 1098 Ver-

246 1137 317 1200 mm
342 1142 429 1201 tuum
454 1139 612 1202 Vattaar.
660 1141 691 1200 2.
716 1137 858 1204 Quicum
881 1139 983 1200 oratio
1005 1137 1173 1221 copulata:
1197 1138 1346 1219 Sanctifi-

245 1247 358 1304 cautur
371 1242 405 1304 iu
426 1241 524 1304 Verbo
539 1247 572 1305 et
588 1239 768 1305 Oratioued.
815 1242 847 1304 3.
871 1240 958 1304 Dein
967 1242 1067 1323 Sioua
1077 1263 1205 1324 quoque
1221 1242 1322 1304 Sacra
1335 1268 1344 1302 :

244 1344 289 1407 ut
301 1343 438 1409 Luracri
449 1353 471 1424 ⁶,
488 1350 520 1408 et
526 1342 764 1408 Euhcmerus.
801 1345 834 1407 4.
850 1345 1020 1408 Postremo
1036 1345 1178 1408 Ceumrce
1199 1366 1344 1428 quoque:

245 1448 309 1511 Eas
325 1469 394 1511 rem
411 1448 560 1511 Sauriam
576 1448 667 1512 scivit
682 1448 841 1525 Christus,
856 1469 917 1512 nec
940 1449 1068 1511 cuuibua
1081 1449 1343 1530 projiciendam&

248 1550 472 1615 Sanctificatus
497 1551 618 1615 scilicet
642 1573 661 1614 a
681 1552 732 1630 Se,
756 1551 942 1614 hominibus
964 1559 1036 1614 tum
1058 1551 1094 1614 in
1116 1552 1219 1616 officio
1242 1552 1344 1615 conti-

245 1652 371 1731 nendis,
397 1661 470 1719 tum
500 1653 540 1718 ad
568 1654 708 1719 officium
737 1653 934 1718 revocandis.
983 1655 1168 1718 Secundum
1197 1654 1344 1732 habetis;

245 1757 358 1819 Media
372 1777 477 1822 auara.

288 1863 320 1924 3.
344 1861 446 1925 Porro
469 1860 590 1925 Meam
613 1861 664 1924 his
690 1860 887 1940 exercendis,
911 1867 945 1924 et
973 1861 1037 1943 (cui
1061 1860 1234 1924 destinavit
1256 1860 1340 1945 usui)

246 1962 451 2047 applicandis,
467 1964 602 2028 tertium
623 1966 793 2029 Sacrorum
813 1985 914 2048 genus
931 1965 1186 2027 Sacro-eauctum
1206 1985 1276 2028 ease
1290 1986 1346 2028 vo·

244 2065 316 2128 luit.
362 2064 491 2149 Triplex
519 2065 600 2129 illud
630 2073 700 2131 est:
736 2069 766 2130 1.
782 2066 860 2130 Loci
882 2067 946 2146 ubi,
978 2068 1010 2131 2.
1031 2068 1188 2148 Temporis
1210 2067 1342 2149 quaudo,

244 2169 274 2232 3.
299 2168 445 2232 Peraoua
453 2189 514 2251 per
529 2189 621 2251 quam
636 2169 854 2235 administrari
870 2169 1019 2233 debeant.

290 2275 318 2335 1.
341 2272 429 2351 Loci,
456 2293 552 2356 quem
581 2278 732 2356 proptera
759 2273 918 2352 Sanctum,
949 2273 1091 2356 adeoque
1122 2273 1344 2336 sanctuarium

245 2374 415 2458 appellavit
426 2373 450 2441 ¹¹.
496 2379 527 2440 2.
555 2376 734 2457 Temporir5
758 2376 843 2460 quod
857 2381 1026 2460 propterea
1041 2375 1119 2439 dicit
1136 2377 1229 2439 Diem
1245 2377 1344 2439 Sauc-

245 2485 310 2542 tum
324 2479 458 2545 Domini
468 2477 486 2544 i.
535 2481 568 2544 3.
592 2480 750 2558 Peraoum,
768 2501 865 2564 quam
879 2486 1048 2564 propterea
1062 2480 1180 2543 Virum
1195 2487 1343 2544 sanctum

244 2605 339 2647 auum
354 2581 558 2649 nomimavit&
603 2583 748 2648 Tertium
762 2583 898 2675 habetis.

287 2687 436 2750 Peraouia
449 2707 525 2751 vero
539 2687 590 2750 hia
608 2686 652 2751 sic
666 2687 701 2750 in
722 2707 758 2752 re
781 2686 889 2751 divina
910 2687 1084 2771 occupatis,
1100 2693 1133 2750 et
1154 2708 1220 2770 prae
1242 2688 1343 2750 eacra‘a

242 2790 339 2855 rebus
363 2813 437 2855 auus
458 2812 511 2855 res
533 2791 808 2875 posthabentibus,
832 2791 873 2854 ad
894 2791 1014 2854 victum
1037 2790 1233 2872 cultumque,
1250 2811 1342 2874 quar-

243 2899 314 2956 tum
330 2894 499 2957 Sacrorum
514 2914 615 2977 genus
631 2901 853 2958 consecratum
868 2900 928 2973 eat,
946 2894 1116 2956 Sacrorum
1136 2895 1341 2976 uectipala'um.

243 2996 375 3079 Optime
398 3018 468 3061 rem
489 3002 594 3061 totam
616 2997 801 3080 complexus
826 3003 875 3060 est
901 2997 970 3060 Rex
993 2996 1133 3079 optimus
1157 2996 1312 3060 Ezechias
1324 2995 1341 3072 ¹,

243 3101 316 3168 Quo
333 3100 429 3183 Lepte
451 3100 558 3164 studio
579 3106 709 3165 strenue
731 3099 931 3178 incumbant,
948 3101 1105 3184 Oportere
1127 3099 1190 3163 illis
1214 3100 1343 3164 decerni

241 3203 443 3268 commodam
462 3205 648 3285 portionem.
692 3204 742 3266 Ea
756 3223 851 3287 porro
866 3204 974 3284 portio
988 3209 1026 3266 ut
1040 3223 1133 3266 aucra
1148 3210 1341 3281 censeretur,

241 3306 280 3370 de
295 3305 358 3371 Dei
374 3306 535 3370 sententia
547 3307 615 3369 lata
630 3308 702 3368 ier:
726 3307 810 3370 Tum
828 3305 887 3370 snb
903 3307 1000 3389 Lege,
1017 3305 1159 3389 Populus
1182 3305 1226 3368 sic
1249 3305 1343 3369 doce-

239 3415 294 3471 tur
308 3408 414 3491 loqui,
439 3410 559 3473 Suetuli
574 3429 644 3473 rem
661 3428 785 3472 accrum
805 3429 821 3472 e
842 3410 930 3472 domo
945 3418 1056 3487 meam,
1077 3408 1111 3471 id
1132 3414 1191 3486 eat,
1210 3409 1342 3472 Sacrum

239 3510 333 3575 fateri
354 3513 489 3595 uectipal
508 3511 599 3590 illud,
616 3512 701 3595 quod
722 3513 839 3576 Levitae
857 3513 1027 3596 penditur:
1052 3514 1136 3577 Tum
1160 3512 1219 3576 sub
1234 3514 1341 3576 Evan-

239 3615 335 3696 gelio,
362 3615 429 3694 ubi,
456 3637 494 3679 ea
518 3637 585 3680 non
605 3616 701 3680 modo
726 3617 841 3701 quibus
865 3639 1042 3701 operamur,
1067 3617 1186 3681 sedec
1216 3638 1342 3701 quoque

241 3718 356 3800 quibus
370 3721 531 3798 ueeeimur,
548 3721 649 3784 Paulo
665 3728 838 3784 censentur
859 3717 927 3806 ἱερὰ
941 3719 976 3783 ἐκ
991 3721 1047 3784 τοῦ
1064 3717 1146 3806 ἱεροῦ
1158 3729 1181 3782 ¹¹.

282 3822 444 3886 En-vobis
465 3823 663 3906 quadruplex
687 3824 858 3886 Sacrorum
881 3845 992 3906 genus,
1018 3823 1155 3886 alterum
1180 3845 1219 3886 ex
1241 3823 1342 3888 altero

238 3930 363 4004 natum,
389 3947 426 3990 ac
450 3927 587 3991 alterum
608 3926 701 3990 alteri
724 3927 939 3990 conservando
962 3926 1175 3990 destinatum:
1200 3929 1229 3990 1.
1248 3928 1342 3990 Sacri

272 4093 281 4115 ²
299 4085 363 4149 aph.
374 4087 393 4136 a.
404 4087 426 4137 r.
844 4096 856 4129 a
872 4088 934 4138 Mau
946 4089 989 4138 m.
1003 4092 1026 4140 a.

272 4150 491 4267 :raam
844 4151 1070 4269 2222

273 4279 493 4398 32222·
845 4281 1100 4399 aarum

274 4417 283 4440 0
302 4409 391 4472 aphes.
403 4427 426 4460 v.
844 4421 860 4442 ⁸¹¹
871 4413 946 4463 Dect.
957 4416 1027 4464 xxvi.
1036 4417 1074 4476 13,

275 4472 282 4504 f
299 4474 363 4524 Heb.
376 4477 431 4525 xiii.
445 4476 466 4524 4.
843 4485 855 4506 ²¹
868 4479 880 4526 1
895 4479 948 4529 Cor.
960 4479 995 4529 ix.
1005 4483 1044 4531 13.
