2970 4914
487 273 687 324 mmmmm
708 275 956 324 nmsaumlrm
1209 261 1269 326 167

163 434 307 507 possunt,
323 449 361 491 ne
375 430 502 493 Divinis
516 432 674 494 mandetis
688 433 862 495 auctoritas
880 451 1000 494 summe
1022 431 1098 514 [leg.
1114 429 1265 512 bernano]

162 532 382 612 prejudicium
397 533 540 613 tneor.
564 535 673 618 Atque
688 535 786 598 etiam
798 535 834 597 in
849 533 1044 597 authenticis
1059 533 1122 596 rit.
1139 532 1268 596 eodem:

169 634 223 700 Ita
238 635 259 695 J
261 634 451 699 ustinianus.
475 638 590 712 *Quod
607 639 635 700 si
654 639 803 718 punctus
823 637 980 714 Decimus,
1001 637 1066 698 sire
1085 636 1186 712 titubo,
1205 635 1270 696 sice

169 755 238 798 cuni
253 737 343 800 titulo
363 740 548 819 possederit,
565 741 651 802 nullu
667 741 817 821 temporis
836 736 1075 820 prescriptione
1098 743 1183 799 tutus
1204 755 1269 798 esse

162 841 292 920 poterit.
341 842 413 914 Quae
442 844 523 905 enim
553 844 591 904 ob
621 844 713 906 initio
744 843 781 906 ote
803 844 880 924 jure
908 843 1019 905 sortiri
1042 839 1183 922 effectum
1208 859 1270 902 non

162 948 304 1022 possunt,
321 949 426 1007 tractu
441 947 587 1027 temporis
601 967 662 1008 non
677 943 920 1008 convalescuntb.

214 1045 300 1108 Sunt
321 1053 354 1109 et
376 1046 437 1109 alia
459 1048 500 1110 ad
524 1070 676 1126 manum3
701 1049 758 1111 sed
782 1047 944 1130 pollicitus
970 1067 1041 1108 sum
1066 1044 1266 1109 brevitatem.

170 1149 310 1212 Caesares
328 1149 377 1232 (ut
392 1150 536 1234 audistis)
555 1173 626 1235 quae
639 1152 702 1215 Dei
717 1158 792 1215 snut
806 1173 873 1215 non
888 1156 1019 1214 censent
1034 1149 1219 1212 abdicando.

213 1355 389 1437 Scriptura,
412 1358 537 1437 Patres,
564 1359 711 1437 Concilio,
730 1359 790 1421 Jns
814 1365 987 1440 utrumque
1012 1356 1146 1420 anobis
1172 1361 1265 1419 sunt:

169 1458 254 1537 Jam,
281 1460 346 1522 nisi
368 1463 451 1524 ratio
478 1462 706 1540 contraveniat,
734 1462 812 1525 salvi
837 1483 954 1526 sumus.
999 1460 1054 1523 Ad
1076 1459 1166 1522 illam
1191 1480 1267 1542 ergo

168 1561 264 1625 tertio
294 1563 417 1627 decimo
441 1565 511 1629 loco
534 1565 688 1628 venimus.
743 1565 822 1628 Istic
847 1586 920 1628 vero
944 1563 1094 1626 distincte
1119 1561 1268 1645 progredi

168 1671 418 1749 oportebatque
438 1689 537 1731 unam
556 1668 641 1731 hanc
659 1668 868 1751 quaestionem
887 1667 922 1730 in
935 1667 999 1730 tria
1015 1665 1161 1729 membra
1175 1665 1267 1728 didu-

169 1787 250 1830 cere.
297 1767 352 1850 (1.)
379 1770 511 1832 Velitne
536 1771 619 1832 ratic
647 1776 764 1833 certum
789 1791 859 1833 esse
881 1768 1034 1832 Ministro
1055 1769 1268 1850 stipendium?

171 1869 226 1951 (2.)
253 1871 308 1934 An
332 1891 371 1934 ex
388 1873 534 1953 portione
551 1879 722 1954 proventus
747 1874 843 1936 annui
872 1872 971 1936 velit?
1022 1872 1077 1954 (3.)
1102 1872 1152 1935 Ex
1174 1877 1268 1954 quoto

171 1973 274 2036 velit?

216 2076 271 2158 (1.)
296 2077 339 2140 In
360 2077 474 2160 primo,
497 2100 549 2142 res
570 2079 763 2163 jampridem
786 2101 805 2141 a
827 2079 927 2142 Paulo
950 2078 1096 2142 confecta
1117 2084 1165 2140 est
1182 2081 1211 2140 1.
1227 2077 1268 2141 ad

167 2179 312 2242 Corinth·
337 2180 378 2244 ix.
427 2178 585 2262 Ἐξονσία
611 2184 666 2245 τοῦ
694 2184 810 2267 φαγεῖν
835 2179 890 2244 καὶ
915 2183 1000 2244 πιεῖν
1029 2178 1098 2263 [καὶ
1122 2180 1191 2263 τοῦ]
1223 2177 1267 2260 μὴ

168 2280 382 2366 ἐργάζεσθαιο
414 2305 512 2366 penes
549 2287 728 2348 Ministros.
775 2284 894 2348 Ratio:
936 2284 1070 2356 Quilibet
1107 2285 1268 2364 operarius

168 2386 306 2447 mercede
329 2385 468 2468 utqnosd,
486 2388 551 2450 sive
577 2409 668 2450 suam
691 2388 760 2470 ipsc
780 2388 879 2450 vitem
900 2386 1031 2461 incidat,
1052 2386 1117 2447 sive
1137 2407 1267 2467 gregem

167 2487 309 2550 alienum
324 2496 441 2569 pascat.
488 2489 636 2572 Denique
652 2491 717 2552 Bos
736 2491 802 2570 ipse
823 2490 977 2551 triturans
995 2509 1029 2550 os
1048 2487 1216 2569 obbipotuni
1230 2509 1268 2550 ne

167 2589 304 2652 bubeto⁰.
352 2590 479 2654 Gradus
494 2591 547 2654 hic
564 2613 648 2653 unus
671 2599 729 2654 est.
780 2591 835 2672 (2.)
862 2590 958 2655 Quod
973 2590 1001 2652 si
1016 2590 1144 2671 quilibet
1159 2609 1268 2670 operu-

166 2693 242 2770 rius,
258 2692 361 2755 multo
376 2693 480 2776 magis
491 2683 693 2774 Reipublicoe:
719 2694 858 2756 Publicis
872 2694 1037 2774 stipendiis
1051 2693 1168 2755 militat
1183 2694 1266 2774 quis-

167 2814 234 2874 que,
250 2815 311 2857 non
325 2797 391 2858 suis
399 2794 416 2858 f.
453 2797 474 2858 J
475 2797 593 2859 uvandi
605 2782 628 2860 ‘a
642 2797 813 2878 Republica
828 2796 883 2879 qui
894 2798 1010 2881 juvant
1025 2796 1265 2876 Rempubbieom.

167 2896 317 2959 Minister
328 2904 436 2962 autem
450 2899 639 2980 Reipublicae
654 2901 816 2980 operarius
831 2907 927 2982 atque
943 2899 1070 2980 aebutor
1084 2906 1144 2962 est.
1185 2899 1267 2962 Gra·

167 2997 226 3061 dus
241 2999 293 3063 hic
308 3001 390 3064 alter
404 3008 462 3065 est.
497 3004 551 3085 (3.)
573 3003 706 3069 Quodsi
721 3003 865 3078 alendus,
882 3002 938 3084 qui
954 3002 1163 3085 quovismodo
1177 3002 1267 3066 utilis

166 3101 354 3183 Reipublicae
359 3130 370 3177 ;
394 3106 484 3189 cujus
495 3105 551 3169 illa
560 3105 596 3169 in
606 3108 730 3170 eternis
745 3113 778 3169 et
792 3107 1035 3186 rvevuoriroicss
1045 3126 1143 3188 opera
1153 3105 1266 3183 utitur,

166 3205 194 3266 is
219 3207 322 3270 multo
345 3208 484 3271 maxime
495 3234 504 3285 3
537 3231 583 3287 ac,
610 3209 638 3272 si
660 3209 730 3272 fieri
759 3217 877 3292 posset,
902 3209 938 3271 in
962 3210 1133 3293 Prytaneo.
1179 3209 1267 3272 Nam

147 3295 271 3370 'omnis
301 3308 376 3370 huic
404 3329 521 3372 merces
549 3310 635 3373 infra
664 3312 808 3373 meritum
837 3318 910 3387 est3
949 3311 1039 3373 nulla
1071 3311 1267 3392 comparatio

167 3411 293 3492 σπορᾶς
322 3413 540 3490 πνευματικῆς
568 3419 600 3473 et
631 3410 783 3495 θερισμοῦ
815 3410 1002 3497 σαρκικοῦὴ.
1049 3413 1167 3490 Quare,
1198 3413 1267 3475 sine

167 3511 266 3572 dubio
280 3511 502 3574 seminantibus
516 3513 695 3594 spiritualia
711 3515 854 3575 cornutio
870 3513 1027 3575 debentur.

214 3614 266 3695 (2.)
293 3613 347 3677 Ad
365 3614 542 3677 secundum
559 3615 742 3677 membrum
756 3615 882 3693 accedo,
898 3623 1008 3677 utrum
1024 3636 1063 3677 ex
1078 3599 1179 3677 annuo
1188 3636 1267 3697 pro-

165 3723 266 3778 uentu.
297 3717 454 3780 Postellus
468 3717 530 3780 Vir
540 3717 627 3780 varia
641 3717 830 3796 eruditione,
845 3717 898 3781 lib.
912 3718 956 3780 iii.
974 3739 1042 3800 cap.
1058 3740 1089 3780 x.
1102 3717 1154 3780 De
1170 3718 1267 3782 Orbis

166 3819 354 3897 Concordia,
377 3820 424 3882 ita
447 3818 587 3898 censet13
624 3817 771 3900 Φυσικὴν
794 3818 930 3883 ἔννοιαν1
957 3838 1026 3882 esse
1051 3820 1145 3896 hanc,
1172 3821 1266 3882 Certo

165 3921 265 3983 annui
284 3928 456 4003 proventus
472 3923 579 4003 portio
601 3923 771 3986 Sacrorum
791 3921 953 3986 Ministris
974 3922 1095 3985 daton
1122 3922 1266 4006 AEquum

198 4065 209 4087 ⁸
227 4055 308 4120 [Vide
330 4055 402 4105 Decr.
424 4071 476 4118 par.
493 4058 521 4106 ii.
551 4057 622 4108 Onus.
641 4058 690 4107 xvi.
769 4066 782 4094 θ
799 4057 883 4122 [Dent.
893 4068 951 4105 xxv.
962 4057 991 4114 4;
1011 4059 1024 4107 1
1038 4055 1093 4107 Gor.
1105 4056 1140 4105 ix.
1153 4056 1191 4120 9.]

166 4121 258 4178 Qusest.
270 4121 308 4169 iii.
325 4120 385 4184 Cap.
398 4121 447 4169 xvi.
460 4121 610 4171 ‘Jubemuu'
621 4121 693 4186 Corp.
770 4121 779 4152 ¹
797 4122 891 4186 [1·Oor.
903 4123 937 4170 ix.
950 4121 984 4185 7.]

166 4185 220 4234 Jur.
234 4184 294 4234 Gan.
308 4185 399 4233 tomi.
415 4185 553 4250 col.1148.]
768 4195 781 4228 ¹
797 4185 983 4249 Spiritnelibus.

198 4247 210 4280 b
226 4249 275 4314 [Ut
284 4250 355 4298 citat.
368 4248 440 4312 Corp.
452 4250 506 4300 Jnr.
523 4250 583 4301 Can.
598 4251 692 4305 tomi
768 4249 780 4282 ¹³
799 4251 826 4314 [1
837 4250 892 4299 Ocr.
904 4251 939 4299 ix.
951 4249 1004 4313 11.]

165 4315 212 4363 col.
222 4313 305 4377 1141]
768 4314 775 4346 ¹
796 4315 865 4380 [Gul.
886 4314 986 4366 Postell.
1005 4314 1037 4364 de
1056 4315 1131 4365 Orbis
1142 4314 1263 4365 Ooncord.

198 4386 208 4409 ‘
227 4379 340 4428 Potestas
350 4377 442 4428 edendi
453 4381 479 4428 et
486 4379 599 4442 bibendi,
608 4384 634 4430 et
642 4395 693 4429 non
736 4380 781 4429 lib.
793 4381 831 4428 iii.
844 4393 898 4443 cap.
907 4396 932 4428 x.
945 4396 969 4442 p.
981 4382 1037 4431 290.
1049 4381 1091 4430 sl.
1103 4384 1129 4429 et
1139 4379 1173 4443 a]

166 4442 294 4571 ορξνιΐίιιξἰ
385 4507 436 4570 18]
702 4504 708 4513 ·
768 4443 1060 4495 trtotionsmsnnura
1070 4445 1182 4495 insitum.

287 4522 330 4556 nn.
347 4522 371 4556 v.
416 4544 422 4556 .
