<?xml version="1.0" encoding="UTF-8"?>
<!DOCTYPE html PUBLIC "-//W3C//DTD XHTML 1.0 Transitional//EN"
    "http://www.w3.org/TR/xhtml1/DTD/xhtml1-transitional.dtd">
<html xmlns="http://www.w3.org/1999/xhtml" xml:lang="en" lang="en">
 <head>
  <title>
</title>
<meta http-equiv="Content-Type" content="text/html;charset=utf-8" />
  <meta name='ocr-system' content='tesseract 3.04.00' />
  <meta name='ocr-capabilities' content='ocr_page ocr_carea ocr_par ocr_line ocrx_word'/>
</head>
<body>
  <div class='ocr_page' id='page_1' title='image "./opusculaquaedam00andrgoog/opusculaquaedam00andrgoog_0244.png"; bbox 0 0 2970 4914; ppageno 0'>
   <div class='ocr_carea' id='block_1_1' title="bbox 549 263 1283 326">
    <p class='ocr_par' dir='ltr' id='par_1_1' title="bbox 549 263 1283 326">
     <span class='ocr_line' id='line_1_1' title="bbox 549 263 1283 326; baseline -0.001 -2"><span class='ocrx_word' id='word_1_1' title='bbox 549 277 649 326; x_wconf 79' lang='lat' dir='ltr'>runnx</span> <span class='ocrx_word' id='word_1_2' title='bbox 672 278 856 326; x_wconf 77' lang='grc'><strong>6611161116.</strong></span> <span class='ocrx_word' id='word_1_3' title='bbox 1243 263 1283 324; x_wconf 89' lang='grc'>13</span> 
     </span>
    </p>
   </div>
   <div class='ocr_carea' id='block_1_2' title="bbox 117 428 683 2756">
    <p class='ocr_par' dir='ltr' id='par_1_2' title="bbox 160 428 680 812">
     <span class='ocr_line' id='line_1_2' title="bbox 161 428 680 492; baseline 0.004 -17"><span class='ocrx_word' id='word_1_4' title='bbox 161 428 680 492; x_wconf 84' lang='lat' dir='ltr'>MultosEpiscoposprofert,quiRegibus</span> 
     </span>
     <span class='ocr_line' id='line_1_3' title="bbox 160 493 679 555; baseline 0.004 -17"><span class='ocrx_word' id='word_1_5' title='bbox 160 493 212 539; x_wconf 89' lang='lat' dir='ltr'>suis</span> <span class='ocrx_word' id='word_1_6' title='bbox 218 494 373 553; x_wconf 90' lang='lat' dir='ltr'>restiterunt,</span> <span class='ocrx_word' id='word_1_7' title='bbox 379 494 465 553; x_wconf 91' lang='lat' dir='ltr'>R.l98,</span> <span class='ocrx_word' id='word_1_8' title='bbox 472 509 523 555; x_wconf 88' lang='lat' dir='ltr'>seq.</span> <span class='ocrx_word' id='word_1_9' title='bbox 537 495 561 542; x_wconf 91' lang='lat' dir='ltr'>S.</span> <span class='ocrx_word' id='word_1_10' title='bbox 567 494 679 542; x_wconf 87' lang='lat' dir='ltr'>Anselm.</span> 
     </span>
     <span class='ocr_line' id='line_1_4' title="bbox 161 558 678 619; baseline 0.004 -15"><span class='ocrx_word' id='word_1_11' title='bbox 161 558 239 616; x_wconf 99' lang='lat' dir='ltr'>Cant„</span> <span class='ocrx_word' id='word_1_12' title='bbox 249 559 278 604; x_wconf 89' lang='lat' dir='ltr'>R.</span> <span class='ocrx_word' id='word_1_13' title='bbox 287 560 341 606; x_wconf 91' lang='lat'>199.</span> <span class='ocrx_word' id='word_1_14' title='bbox 368 558 391 606; x_wconf 94' lang='lat' dir='ltr'>S.</span> <span class='ocrx_word' id='word_1_15' title='bbox 399 558 489 605; x_wconf 82' lang='lat' dir='ltr'>Thom.</span> <span class='ocrx_word' id='word_1_16' title='bbox 498 560 576 619; x_wconf 84' lang='lat' dir='ltr'>Cant,</span> <span class='ocrx_word' id='word_1_17' title='bbox 586 559 615 606; x_wconf 87' lang='grc'>11.</span> <span class='ocrx_word' id='word_1_18' title='bbox 624 561 678 606; x_wconf 92' lang='grc'><strong>200.</strong></span> 
     </span>
     <span class='ocr_line' id='line_1_5' title="bbox 161 621 680 682; baseline 0.006 -14"><span class='ocrx_word' id='word_1_19' title='bbox 161 621 184 668; x_wconf 86' lang='lat' dir='ltr'>S.</span> <span class='ocrx_word' id='word_1_20' title='bbox 199 623 325 670; x_wconf 83' lang='lat' dir='ltr'>Edmund.</span> <span class='ocrx_word' id='word_1_21' title='bbox 343 624 422 682; x_wconf 89' lang='lat' dir='ltr'>Cant„</span> <span class='ocrx_word' id='word_1_22' title='bbox 439 623 468 670; x_wconf 90' lang='lat' dir='ltr'>R.</span> <span class='ocrx_word' id='word_1_23' title='bbox 487 625 542 670; x_wconf 96' lang='grc'><strong>200.</strong></span> <span class='ocrx_word' id='word_1_24' title='bbox 575 623 599 671; x_wconf 89' lang='lat' dir='ltr'>S.</span> <span class='ocrx_word' id='word_1_25' title='bbox 611 623 680 671; x_wconf 88' lang='lat' dir='ltr'>Dun-</span> 
     </span>
     <span class='ocr_line' id='line_1_6' title="bbox 161 688 678 749; baseline 0.004 -16"><span class='ocrx_word' id='word_1_26' title='bbox 161 691 268 746; x_wconf 89' lang='lat' dir='ltr'>etanum,</span> <span class='ocrx_word' id='word_1_27' title='bbox 281 688 310 734; x_wconf 88' lang='lat' dir='ltr'>R.</span> <span class='ocrx_word' id='word_1_28' title='bbox 323 688 377 734; x_wconf 97' lang='grc'><strong>201.</strong></span> <span class='ocrx_word' id='word_1_29' title='bbox 411 688 435 735; x_wconf 92' lang='lat' dir='ltr'>S.</span> <span class='ocrx_word' id='word_1_30' title='bbox 448 688 549 749; x_wconf 88' lang='lat' dir='ltr'>Hugon.</span> <span class='ocrx_word' id='word_1_31' title='bbox 566 688 678 735; x_wconf 90' lang='lat' dir='ltr'>Lincoln.</span> 
     </span>
     <span class='ocr_line' id='line_1_7' title="bbox 160 752 655 812; baseline 0.006 -15"><span class='ocrx_word' id='word_1_32' title='bbox 160 752 188 798; x_wconf 89' lang='lat' dir='ltr'>R.</span> <span class='ocrx_word' id='word_1_33' title='bbox 202 753 256 799; x_wconf 88' lang='lat'>201.</span> <span class='ocrx_word' id='word_1_34' title='bbox 290 752 314 800; x_wconf 88' lang='lat' dir='ltr'>S.</span> <span class='ocrx_word' id='word_1_35' title='bbox 327 752 424 800; x_wconf 89' lang='lat' dir='ltr'>Ricard.</span> <span class='ocrx_word' id='word_1_36' title='bbox 437 753 545 812; x_wconf 86' lang='lat' dir='ltr'>Cicestr„</span> <span class='ocrx_word' id='word_1_37' title='bbox 558 753 587 800; x_wconf 92' lang='lat' dir='ltr'>R.</span> <span class='ocrx_word' id='word_1_38' title='bbox 600 754 655 800; x_wconf 89' lang='lat'>202.</span> 
     </span>
    </p>

    <p class='ocr_par' dir='ltr' id='par_1_3' title="bbox 117 817 683 2428">
     <span class='ocr_line' id='line_1_8' title="bbox 193 817 680 879; baseline 0.004 -16"><span class='ocrx_word' id='word_1_39' title='bbox 193 817 287 877; x_wconf 84' lang='lat' dir='ltr'>Regem</span> <span class='ocrx_word' id='word_1_40' title='bbox 297 817 421 864; x_wconf 86' lang='lat' dir='ltr'>Jaccbum</span> <span class='ocrx_word' id='word_1_41' title='bbox 431 817 499 864; x_wconf 92' lang='lat' dir='ltr'>haud</span> <span class='ocrx_word' id='word_1_42' title='bbox 511 832 564 864; x_wconf 90' lang='lat' dir='ltr'>esee</span> <span class='ocrx_word' id='word_1_43' title='bbox 575 819 680 879; x_wconf 77' lang='lat' dir='ltr'>Aposto-</span> 
     </span>
     <span class='ocr_line' id='line_1_9' title="bbox 160 882 681 943; baseline 0.008 -17"><span class='ocrx_word' id='word_1_44' title='bbox 160 884 213 927; x_wconf 90' lang='lat' dir='ltr'>tam</span> <span class='ocrx_word' id='word_1_45' title='bbox 224 882 346 942; x_wconf 86' lang='lat' dir='ltr'>concedit,</span> <span class='ocrx_word' id='word_1_46' title='bbox 358 882 387 928; x_wconf 94' lang='lat' dir='ltr'>R.</span> <span class='ocrx_word' id='word_1_47' title='bbox 400 883 455 928; x_wconf 94' lang='lat'>204.</span> <span class='ocrx_word' id='word_1_48' title='bbox 488 883 527 929; x_wconf 94' lang='lat' dir='ltr'>De</span> <span class='ocrx_word' id='word_1_49' title='bbox 538 882 614 930; x_wconf 88' lang='lat' dir='ltr'>modo</span> <span class='ocrx_word' id='word_1_50' title='bbox 626 882 681 943; x_wconf 87' lang='lat' dir='ltr'>ejus</span> 
     </span>
     <span class='ocr_line' id='line_1_10' title="bbox 160 945 679 1008; baseline 0.004 -16"><span class='ocrx_word' id='word_1_51' title='bbox 160 945 386 1006; x_wconf 83' lang='lat' dir='ltr'>Baptismi,R.205;</span> <span class='ocrx_word' id='word_1_52' title='bbox 399 950 424 992; x_wconf 92' lang='lat' dir='ltr'>et</span> <span class='ocrx_word' id='word_1_53' title='bbox 431 947 462 992; x_wconf 93' lang='lat' dir='ltr'>de</span> <span class='ocrx_word' id='word_1_54' title='bbox 468 947 585 1008; x_wconf 88' lang='lat' dir='ltr'>religione</span> <span class='ocrx_word' id='word_1_55' title='bbox 591 947 679 1007; x_wconf 89' lang='lat' dir='ltr'>Patris,</span> 
     </span>
     <span class='ocr_line' id='line_1_11' title="bbox 117 1008 681 1074; baseline 0.004 -18"><span class='ocrx_word' id='word_1_56' title='bbox 117 1008 120 1013; x_wconf 81' lang='grc'>’</span> <span class='ocrx_word' id='word_1_57' title='bbox 162 1011 204 1057; x_wconf 84' lang='grc'><strong>866.</strong></span> <span class='ocrx_word' id='word_1_58' title='bbox 217 1010 245 1057; x_wconf 90' lang='lat' dir='ltr'>R.</span> <span class='ocrx_word' id='word_1_59' title='bbox 256 1011 392 1061; x_wconf 89' lang='grc'><strong>205-207.</strong></span> <span class='ocrx_word' id='word_1_60' title='bbox 416 1011 505 1058; x_wconf 87' lang='lat' dir='ltr'>Libros</span> <span class='ocrx_word' id='word_1_61' title='bbox 513 1011 681 1074; x_wconf 86' lang='lat' dir='ltr'>Apocryphcs</span> 
     </span>
     <span class='ocr_line' id='line_1_12' title="bbox 161 1075 681 1136; baseline 0.004 -14"><span class='ocrx_word' id='word_1_62' title='bbox 161 1075 299 1122; x_wconf 86' lang='lat' dir='ltr'>Canonicos</span> <span class='ocrx_word' id='word_1_63' title='bbox 319 1091 372 1122; x_wconf 89' lang='lat' dir='ltr'>esse</span> <span class='ocrx_word' id='word_1_64' title='bbox 391 1076 529 1136; x_wconf 82' lang='lat' dir='ltr'>contendit,</span> <span class='ocrx_word' id='word_1_65' title='bbox 551 1077 580 1123; x_wconf 91' lang='lat' dir='ltr'>R.</span> <span class='ocrx_word' id='word_1_66' title='bbox 600 1078 681 1124; x_wconf 95' lang='grc'><strong>209-</strong></span> 
     </span>
     <span class='ocr_line' id='line_1_13' title="bbox 161 1139 679 1200; baseline 0.008 -16"><span class='ocrx_word' id='word_1_67' title='bbox 161 1140 215 1186; x_wconf 90' lang='grc'><strong>214.</strong></span> <span class='ocrx_word' id='word_1_68' title='bbox 259 1139 377 1188; x_wconf 76' lang='lat' dir='ltr'>Ecclesiae</span> <span class='ocrx_word' id='word_1_69' title='bbox 398 1139 542 1188; x_wconf 81' lang='lat' dir='ltr'>auctoritati</span> <span class='ocrx_word' id='word_1_70' title='bbox 563 1141 679 1200; x_wconf 89' lang='lat' dir='ltr'>innitens,</span> 
     </span>
     <span class='ocr_line' id='line_1_14' title="bbox 161 1204 681 1267; baseline 0.006 -17"><span class='ocrx_word' id='word_1_71' title='bbox 161 1204 189 1249; x_wconf 92' lang='lat' dir='ltr'>R.</span> <span class='ocrx_word' id='word_1_72' title='bbox 212 1205 266 1265; x_wconf 91' lang='lat'>213,</span> <span class='ocrx_word' id='word_1_73' title='bbox 287 1205 429 1266; x_wconf 80' lang='lat' dir='ltr'>Scripturas</span> <span class='ocrx_word' id='word_1_74' title='bbox 454 1220 553 1267; x_wconf 78' lang='lat' dir='ltr'>semper</span> <span class='ocrx_word' id='word_1_75' title='bbox 571 1205 630 1254; x_wconf 89' lang='lat' dir='ltr'>vult</span> <span class='ocrx_word' id='word_1_76' title='bbox 648 1205 681 1253; x_wconf 90' lang='lat' dir='ltr'>ad</span> 
     </span>
     <span class='ocr_line' id='line_1_15' title="bbox 159 1267 681 1331; baseline 0.008 -17"><span class='ocrx_word' id='word_1_77' title='bbox 159 1267 260 1316; x_wconf 85' lang='lat' dir='ltr'>literam</span> <span class='ocrx_word' id='word_1_78' title='bbox 267 1269 397 1331; x_wconf 87' lang='lat' dir='ltr'>explicare,</span> <span class='ocrx_word' id='word_1_79' title='bbox 405 1269 434 1316; x_wconf 87' lang='lat' dir='ltr'>R</span> <span class='ocrx_word' id='word_1_80' title='bbox 443 1271 497 1330; x_wconf 88' lang='grc'><strong>213,</strong></span> <span class='ocrx_word' id='word_1_81' title='bbox 506 1270 561 1317; x_wconf 88' lang='grc'><strong>214.</strong></span> <span class='ocrx_word' id='word_1_82' title='bbox 584 1270 681 1318; x_wconf 88' lang='lat' dir='ltr'>Multos</span> 
     </span>
     <span class='ocr_line' id='line_1_16' title="bbox 160 1332 681 1396; baseline 0.006 -17"><span class='ocrx_word' id='word_1_83' title='bbox 160 1332 291 1380; x_wconf 86' lang='lat' dir='ltr'>haereticos</span> <span class='ocrx_word' id='word_1_84' title='bbox 310 1334 504 1396; x_wconf 82' lang='lat' dir='ltr'>tria&#39;Symbola,</span> <span class='ocrx_word' id='word_1_85' title='bbox 526 1338 552 1381; x_wconf 91' lang='lat' dir='ltr'>et</span> <span class='ocrx_word' id='word_1_86' title='bbox 571 1339 681 1396; x_wconf 90' lang='lat' dir='ltr'>quatuor</span> 
     </span>
     <span class='ocr_line' id='line_1_17' title="bbox 161 1398 680 1460; baseline 0.006 -16"><span class='ocrx_word' id='word_1_87' title='bbox 161 1398 680 1460; x_wconf 68' lang='grc' dir='ltr'><strong>ρ11616066611166661116166666111,11215,</strong></span> 
     </span>
     <span class='ocr_line' id='line_1_18' title="bbox 162 1462 682 1526; baseline 0.01 -19"><span class='ocrx_word' id='word_1_88' title='bbox 162 1463 304 1511; x_wconf 82' lang='lat' dir='ltr'>Posteriora</span> <span class='ocrx_word' id='word_1_89' title='bbox 318 1462 429 1510; x_wconf 85' lang='lat' dir='ltr'>Concilia</span> <span class='ocrx_word' id='word_1_90' title='bbox 439 1479 510 1526; x_wconf 72' lang='lat' dir='ltr'>aeque</span> <span class='ocrx_word' id='word_1_91' title='bbox 526 1480 554 1512; x_wconf 90' lang='lat' dir='ltr'>ac</span> <span class='ocrx_word' id='word_1_92' title='bbox 572 1468 682 1526; x_wconf 91' lang='lat' dir='ltr'>quatuor</span> 
     </span>
     <span class='ocr_line' id='line_1_19' title="bbox 161 1527 681 1590; baseline 0.008 -17"><span class='ocrx_word' id='word_1_93' title='bbox 161 1527 242 1587; x_wconf 88' lang='lat' dir='ltr'>prima</span> <span class='ocrx_word' id='word_1_94' title='bbox 256 1527 354 1590; x_wconf 87' lang='lat' dir='ltr'>accipit,</span> <span class='ocrx_word' id='word_1_95' title='bbox 370 1528 399 1574; x_wconf 93' lang='lat' dir='ltr'>R.</span> <span class='ocrx_word' id='word_1_96' title='bbox 412 1529 467 1588; x_wconf 88' lang='grc'><strong>215,</strong></span> <span class='ocrx_word' id='word_1_97' title='bbox 478 1530 532 1577; x_wconf 91' lang='grc'><strong>216.</strong></span> <span class='ocrx_word' id='word_1_98' title='bbox 542 1530 597 1581; x_wconf 90' lang='grc'><strong>247.</strong></span> <span class='ocrx_word' id='word_1_99' title='bbox 629 1529 681 1577; x_wconf 84' lang='lat' dir='ltr'>Cal-</span> 
     </span>
     <span class='ocr_line' id='line_1_20' title="bbox 163 1592 682 1642; baseline 0.01 -5"><span class='ocrx_word' id='word_1_100' title='bbox 163 1592 214 1638; x_wconf 93' lang='lat' dir='ltr'>vini</span> <span class='ocrx_word' id='word_1_101' title='bbox 232 1593 383 1641; x_wconf 90' lang='lat' dir='ltr'>sententiam</span> <span class='ocrx_word' id='word_1_102' title='bbox 400 1593 432 1640; x_wconf 92' lang='lat' dir='ltr'>de</span> <span class='ocrx_word' id='word_1_103' title='bbox 449 1593 570 1642; x_wconf 87' lang='lat' dir='ltr'>descensu</span> <span class='ocrx_word' id='word_1_104' title='bbox 588 1593 682 1642; x_wconf 78' lang='lat' dir='ltr'>Christi</span> 
     </span>
     <span class='ocr_line' id='line_1_21' title="bbox 161 1657 682 1721; baseline 0.008 -19"><span class='ocrx_word' id='word_1_105' title='bbox 161 1657 193 1702; x_wconf 88' lang='lat' dir='ltr'>ad</span> <span class='ocrx_word' id='word_1_106' title='bbox 204 1657 298 1704; x_wconf 89' lang='lat' dir='ltr'>inferos</span> <span class='ocrx_word' id='word_1_107' title='bbox 308 1657 449 1720; x_wconf 88' lang='lat' dir='ltr'>impugnat,</span> <span class='ocrx_word' id='word_1_108' title='bbox 458 1659 488 1706; x_wconf 90' lang='lat' dir='ltr'>R.</span> <span class='ocrx_word' id='word_1_109' title='bbox 498 1659 553 1710; x_wconf 89' lang='lat'>217.</span> <span class='ocrx_word' id='word_1_110' title='bbox 586 1659 682 1721; x_wconf 83' lang='lat' dir='ltr'>Regem</span> 
     </span>
     <span class='ocr_line' id='line_1_22' title="bbox 161 1721 682 1784; baseline 0.008 -16"><span class='ocrx_word' id='word_1_111' title='bbox 161 1721 284 1769; x_wconf 70' lang='lat' dir='ltr'>iacobum</span> <span class='ocrx_word' id='word_1_112' title='bbox 313 1722 463 1784; x_wconf 81' lang='lat' dir='ltr'>Symbolum</span> <span class='ocrx_word' id='word_1_113' title='bbox 494 1724 626 1784; x_wconf 90' lang='lat' dir='ltr'>Nicenum,</span> <span class='ocrx_word' id='word_1_114' title='bbox 655 1727 682 1772; x_wconf 88' lang='lat' dir='ltr'>et</span> 
     </span>
     <span class='ocr_line' id='line_1_23' title="bbox 162 1786 680 1850; baseline 0.006 -18"><span class='ocrx_word' id='word_1_115' title='bbox 162 1786 311 1847; x_wconf 89' lang='lat' dir='ltr'>Symbolum</span> <span class='ocrx_word' id='word_1_116' title='bbox 334 1788 358 1835; x_wconf 92' lang='lat' dir='ltr'>S.</span> <span class='ocrx_word' id='word_1_117' title='bbox 376 1787 437 1835; x_wconf 86' lang='lat' dir='ltr'>Ath.</span> <span class='ocrx_word' id='word_1_118' title='bbox 461 1788 563 1850; x_wconf 88' lang='lat' dir='ltr'>rejicere</span> <span class='ocrx_word' id='word_1_119' title='bbox 585 1788 680 1848; x_wconf 86' lang='lat' dir='ltr'>asserit,</span> 
     </span>
     <span class='ocr_line' id='line_1_24' title="bbox 162 1851 682 1910; baseline 0.008 -13"><span class='ocrx_word' id='word_1_120' title='bbox 162 1851 190 1897; x_wconf 91' lang='lat' dir='ltr'>R.</span> <span class='ocrx_word' id='word_1_121' title='bbox 204 1853 258 1910; x_wconf 94' lang='lat'>219,</span> <span class='ocrx_word' id='word_1_122' title='bbox 272 1853 326 1898; x_wconf 87' lang='lat'>229.</span> <span class='ocrx_word' id='word_1_123' title='bbox 360 1852 500 1901; x_wconf 89' lang='lat' dir='ltr'>Concilium</span> <span class='ocrx_word' id='word_1_124' title='bbox 514 1853 640 1900; x_wconf 90' lang='lat' dir='ltr'>Nicenum</span> <span class='ocrx_word' id='word_1_125' title='bbox 656 1857 682 1901; x_wconf 90' lang='lat' dir='ltr'>et</span> 
     </span>
     <span class='ocr_line' id='line_1_25' title="bbox 163 1916 680 1980; baseline 0.008 -18"><span class='ocrx_word' id='word_1_126' title='bbox 163 1916 217 1977; x_wconf 90' lang='lat' dir='ltr'>ejus</span> <span class='ocrx_word' id='word_1_127' title='bbox 234 1917 346 1964; x_wconf 88' lang='lat' dir='ltr'>Canones</span> <span class='ocrx_word' id='word_1_128' title='bbox 363 1918 495 1978; x_wconf 84' lang='lat' dir='ltr'>examinat,</span> <span class='ocrx_word' id='word_1_129' title='bbox 511 1918 540 1965; x_wconf 91' lang='lat' dir='ltr'>R.</span> <span class='ocrx_word' id='word_1_130' title='bbox 554 1919 608 1978; x_wconf 90' lang='lat'>223,</span> <span class='ocrx_word' id='word_1_131' title='bbox 621 1933 680 1980; x_wconf 86' lang='lat' dir='ltr'>seq„</span> 
     </span>
     <span class='ocr_line' id='line_1_26' title="bbox 162 1981 680 2044; baseline 0.006 -17"><span class='ocrx_word' id='word_1_132' title='bbox 162 1984 188 2027; x_wconf 89' lang='lat' dir='ltr'>et</span> <span class='ocrx_word' id='word_1_133' title='bbox 199 1981 293 2042; x_wconf 85' lang='lat' dir='ltr'>Regem</span> <span class='ocrx_word' id='word_1_134' title='bbox 307 1997 350 2029; x_wconf 91' lang='lat' dir='ltr'>eos</span> <span class='ocrx_word' id='word_1_135' title='bbox 361 1998 411 2030; x_wconf 89' lang='lat' dir='ltr'>non</span> <span class='ocrx_word' id='word_1_136' title='bbox 422 1983 532 2044; x_wconf 88' lang='lat' dir='ltr'>accipere</span> <span class='ocrx_word' id='word_1_137' title='bbox 544 1983 680 2042; x_wconf 87' lang='lat' dir='ltr'>contendit,</span> 
     </span>
     <span class='ocr_line' id='line_1_27' title="bbox 162 2045 680 2108; baseline 0.006 -17"><span class='ocrx_word' id='word_1_138' title='bbox 162 2045 327 2098; x_wconf 88' lang='lat' dir='ltr'>R.225—227</span> <span class='ocrx_word' id='word_1_139' title='bbox 337 2063 343 2105; x_wconf 91' lang='lat'>;</span> <span class='ocrx_word' id='word_1_140' title='bbox 359 2047 429 2108; x_wconf 91' lang='lat' dir='ltr'>item,</span> <span class='ocrx_word' id='word_1_141' title='bbox 442 2047 516 2095; x_wconf 88' lang='lat' dir='ltr'>Conc.</span> <span class='ocrx_word' id='word_1_142' title='bbox 529 2047 555 2096; x_wconf 90' lang='lat' dir='ltr'>C.</span> <span class='ocrx_word' id='word_1_143' title='bbox 563 2047 591 2094; x_wconf 95' lang='lat' dir='ltr'>P.</span> <span class='ocrx_word' id='word_1_144' title='bbox 603 2048 632 2107; x_wconf 92' lang='grc'>1,,</span> <span class='ocrx_word' id='word_1_145' title='bbox 651 2048 680 2094; x_wconf 88' lang='lat' dir='ltr'>R.</span> 
     </span>
     <span class='ocr_line' id='line_1_28' title="bbox 163 2111 680 2173; baseline 0.006 -17"><span class='ocrx_word' id='word_1_146' title='bbox 163 2111 224 2168; x_wconf 90' lang='lat'>227;</span> <span class='ocrx_word' id='word_1_147' title='bbox 242 2111 315 2158; x_wconf 87' lang='lat' dir='ltr'>Cone.</span> <span class='ocrx_word' id='word_1_148' title='bbox 329 2111 428 2173; x_wconf 85' lang='lat' dir='ltr'>Ephes,</span> <span class='ocrx_word' id='word_1_149' title='bbox 445 2112 475 2159; x_wconf 90' lang='lat' dir='ltr'>R.</span> <span class='ocrx_word' id='word_1_150' title='bbox 488 2113 535 2160; x_wconf 90' lang='lat'>228</span> <span class='ocrx_word' id='word_1_151' title='bbox 543 2128 550 2171; x_wconf 92' lang='lat'>;</span> <span class='ocrx_word' id='word_1_152' title='bbox 567 2115 593 2159; x_wconf 98' lang='grc'>61</span> <span class='ocrx_word' id='word_1_153' title='bbox 607 2112 680 2161; x_wconf 87' lang='lat' dir='ltr'>Cone.</span> 
     </span>
     <span class='ocr_line' id='line_1_29' title="bbox 164 2175 681 2238; baseline 0.008 -18"><span class='ocrx_word' id='word_1_154' title='bbox 164 2175 287 2234; x_wconf 77' lang='lat' dir='ltr'>chalced„</span> <span class='ocrx_word' id='word_1_155' title='bbox 301 2177 330 2222; x_wconf 89' lang='lat' dir='ltr'>R.</span> <span class='ocrx_word' id='word_1_156' title='bbox 343 2178 398 2236; x_wconf 91' lang='lat'>229,</span> <span class='ocrx_word' id='word_1_157' title='bbox 411 2191 462 2238; x_wconf 84' lang='lat' dir='ltr'>seq.</span> <span class='ocrx_word' id='word_1_158' title='bbox 497 2177 536 2224; x_wconf 83' lang='lat' dir='ltr'>Ex</span> <span class='ocrx_word' id='word_1_159' title='bbox 546 2176 595 2224; x_wconf 91' lang='lat' dir='ltr'>hoc</span> <span class='ocrx_word' id='word_1_160' title='bbox 607 2177 681 2224; x_wconf 92' lang='lat' dir='ltr'>Conc.</span> 
     </span>
     <span class='ocr_line' id='line_1_30' title="bbox 164 2240 682 2302; baseline 0.006 -17"><span class='ocrx_word' id='word_1_161' title='bbox 164 2240 304 2287; x_wconf 88' lang='lat' dir='ltr'>Primatum</span> <span class='ocrx_word' id='word_1_162' title='bbox 311 2241 440 2288; x_wconf 89' lang='lat' dir='ltr'>Pontificis</span> <span class='ocrx_word' id='word_1_163' title='bbox 448 2256 474 2287; x_wconf 89' lang='grc'>66</span> <span class='ocrx_word' id='word_1_164' title='bbox 483 2256 556 2302; x_wconf 80' lang='lat' dir='ltr'>posse</span> <span class='ocrx_word' id='word_1_165' title='bbox 564 2240 682 2302; x_wconf 90' lang='lat' dir='ltr'>colligere</span> 
     </span>
     <span class='ocr_line' id='line_1_31' title="bbox 163 2305 683 2365; baseline 0.004 -15"><span class='ocrx_word' id='word_1_166' title='bbox 163 2307 254 2362; x_wconf 89' lang='lat' dir='ltr'>censet,</span> <span class='ocrx_word' id='word_1_167' title='bbox 267 2305 296 2351; x_wconf 93' lang='lat' dir='ltr'>R.</span> <span class='ocrx_word' id='word_1_168' title='bbox 309 2306 363 2365; x_wconf 89' lang='lat'><strong>229,</strong></span> <span class='ocrx_word' id='word_1_169' title='bbox 377 2307 425 2353; x_wconf 89' lang='grc'>230</span> <span class='ocrx_word' id='word_1_170' title='bbox 433 2322 439 2365; x_wconf 91' lang='grc'><strong>;</strong></span> <span class='ocrx_word' id='word_1_171' title='bbox 457 2308 483 2352; x_wconf 88' lang='grc'>61</span> <span class='ocrx_word' id='word_1_172' title='bbox 497 2305 683 2353; x_wconf 85' lang='lat' dir='ltr'>invocationem</span> 
     </span>
     <span class='ocr_line' id='line_1_32' title="bbox 163 2369 428 2428; baseline 0.011 -13"><span class='ocrx_word' id='word_1_173' title='bbox 163 2370 319 2428; x_wconf 89' lang='lat' dir='ltr'>Sanctorum,</span> <span class='ocrx_word' id='word_1_174' title='bbox 331 2369 360 2416; x_wconf 91' lang='lat' dir='ltr'>R.</span> <span class='ocrx_word' id='word_1_175' title='bbox 373 2371 428 2418; x_wconf 91' lang='lat'>233.</span> 
     </span>
    </p>

    <p class='ocr_par' dir='ltr' id='par_1_4' title="bbox 163 2433 683 2756">
     <span class='ocr_line' id='line_1_33' title="bbox 197 2433 681 2496; baseline 0.004 -16"><span class='ocrx_word' id='word_1_176' title='bbox 197 2433 301 2481; x_wconf 86' lang='lat' dir='ltr'>Cultum</span> <span class='ocrx_word' id='word_1_177' title='bbox 312 2434 339 2482; x_wconf 93' lang='lat' dir='ltr'>B.</span> <span class='ocrx_word' id='word_1_178' title='bbox 349 2434 459 2496; x_wconf 84' lang='grc' dir='ltr'><strong>Μ.11113.</strong></span> <span class='ocrx_word' id='word_1_179' title='bbox 469 2434 580 2495; x_wconf 91' lang='lat' dir='ltr'>discutit,</span> <span class='ocrx_word' id='word_1_180' title='bbox 588 2435 617 2482; x_wconf 87' lang='lat' dir='ltr'>R</span> <span class='ocrx_word' id='word_1_181' title='bbox 626 2434 681 2482; x_wconf 92' lang='lat'>234.</span> 
     </span>
     <span class='ocr_line' id='line_1_34' title="bbox 163 2497 681 2560; baseline 0.004 -16"><span class='ocrx_word' id='word_1_182' title='bbox 163 2498 224 2545; x_wconf 83' lang='lat' dir='ltr'>Eam</span> <span class='ocrx_word' id='word_1_183' title='bbox 241 2498 332 2546; x_wconf 88' lang='lat' dir='ltr'>Divam</span> <span class='ocrx_word' id='word_1_184' title='bbox 350 2515 404 2546; x_wconf 90' lang='lat' dir='ltr'>esse</span> <span class='ocrx_word' id='word_1_185' title='bbox 419 2497 533 2547; x_wconf 86' lang='lat' dir='ltr'>vocatain</span> <span class='ocrx_word' id='word_1_186' title='bbox 550 2503 631 2560; x_wconf 88' lang='lat' dir='ltr'>negat,</span> <span class='ocrx_word' id='word_1_187' title='bbox 652 2500 681 2546; x_wconf 92' lang='lat' dir='ltr'>R.</span> 
     </span>
     <span class='ocr_line' id='line_1_35' title="bbox 163 2563 683 2626; baseline 0.006 -17"><span class='ocrx_word' id='word_1_188' title='bbox 163 2564 218 2610; x_wconf 88' lang='lat'>235.</span> <span class='ocrx_word' id='word_1_189' title='bbox 252 2563 290 2610; x_wconf 92' lang='lat' dir='ltr'>De</span> <span class='ocrx_word' id='word_1_190' title='bbox 314 2564 369 2626; x_wconf 86' lang='lat' dir='ltr'>ejus</span> <span class='ocrx_word' id='word_1_191' title='bbox 390 2564 548 2612; x_wconf 89' lang='lat' dir='ltr'>invocatione</span> <span class='ocrx_word' id='word_1_192' title='bbox 575 2568 601 2611; x_wconf 91' lang='lat' dir='ltr'>et</span> <span class='ocrx_word' id='word_1_193' title='bbox 628 2564 683 2626; x_wconf 85' lang='lat' dir='ltr'>ejus</span> 
     </span>
     <span class='ocr_line' id='line_1_36' title="bbox 164 2692 675 2756; baseline 0.004 -15.996"><span class='ocrx_word' id='word_1_194' title='bbox 164 2692 675 2756; x_wconf 83' lang='lat'>..</span> 
     </span>
    </p>

    <p class='ocr_par' dir='ltr' id='par_1_5' title="bbox 213 2729 682 2754">
     <span class='ocr_line' id='line_1_37' title="bbox 213 2729 682 2754; baseline 0.004 -15"><span class='ocrx_word' id='word_1_195' title='bbox 213 2729 218 2739; x_wconf 97' lang='lat'>.</span> <span class='ocrx_word' id='word_1_196' title='bbox 637 2731 644 2754; x_wconf 94' lang='lat'>,</span> <span class='ocrx_word' id='word_1_197' title='bbox 676 2729 682 2741; x_wconf 90' lang='lat'>.</span> 
     </span>
    </p>
   </div>
   <div class='ocr_carea' id='block_1_3' title="bbox 72 2758 301 2805">
    <p class='ocr_par' dir='ltr' id='par_1_6' title="bbox 72 2758 301 2805">
     <span class='ocr_line' id='line_1_38' title="bbox 72 2758 301 2805; baseline 0.013 -3"><span class='ocrx_word' id='word_1_198' title='bbox 72 2790 73 2793; x_wconf 22' lang='lat'>¹</span> <span class='ocrx_word' id='word_1_199' title='bbox 164 2758 301 2805; x_wconf 86' lang='lat'>242—246.</span> 
     </span>
    </p>
   </div>
   <div class='ocr_carea' id='block_1_4' title="bbox 133 2822 685 4294">
    <p class='ocr_par' dir='ltr' id='par_1_7' title="bbox 133 2822 684 3918">
     <span class='ocr_line' id='line_1_39' title="bbox 196 2822 682 2883; baseline 0.006 -15"><span class='ocrx_word' id='word_1_200' title='bbox 196 2822 283 2869; x_wconf 85' lang='lat' dir='ltr'>Missas</span> <span class='ocrx_word' id='word_1_201' title='bbox 299 2822 411 2870; x_wconf 78' lang='lat' dir='ltr'>Privatos</span> <span class='ocrx_word' id='word_1_202' title='bbox 422 2823 543 2883; x_wconf 82' lang='lat' dir='ltr'>defendit,</span> <span class='ocrx_word' id='word_1_203' title='bbox 556 2827 582 2871; x_wconf 88' lang='lat' dir='ltr'>et</span> <span class='ocrx_word' id='word_1_204' title='bbox 593 2824 625 2871; x_wconf 91' lang='lat' dir='ltr'>de</span> <span class='ocrx_word' id='word_1_205' title='bbox 636 2823 682 2871; x_wconf 90' lang='grc'><strong>1166</strong></span> 
     </span>
     <span class='ocr_line' id='line_1_40' title="bbox 164 2887 683 2948; baseline 0.006 -15"><span class='ocrx_word' id='word_1_206' title='bbox 164 2902 190 2933; x_wconf 91' lang='grc'>16</span> <span class='ocrx_word' id='word_1_207' title='bbox 207 2887 333 2935; x_wconf 89' lang='lat' dir='ltr'>Auctoree</span> <span class='ocrx_word' id='word_1_208' title='bbox 354 2888 421 2948; x_wconf 91' lang='lat' dir='ltr'>citat,</span> <span class='ocrx_word' id='word_1_209' title='bbox 440 2889 469 2936; x_wconf 93' lang='lat' dir='ltr'>R.</span> <span class='ocrx_word' id='word_1_210' title='bbox 482 2889 628 2948; x_wconf 85' lang='lat'>243-259;</span> <span class='ocrx_word' id='word_1_211' title='bbox 657 2892 683 2936; x_wconf 88' lang='grc'>61</span> 
     </span>
     <span class='ocr_line' id='line_1_41' title="bbox 164 2952 682 3015; baseline 0.004 -17"><span class='ocrx_word' id='word_1_212' title='bbox 164 2952 347 3000; x_wconf 81' lang='grc'><strong>11661611611616</strong></span> <span class='ocrx_word' id='word_1_213' title='bbox 358 2953 405 3000; x_wconf 83' lang='grc'><strong>661)</strong></span> <span class='ocrx_word' id='word_1_214' title='bbox 416 2969 467 3002; x_wconf 87' lang='grc'>666</span> <span class='ocrx_word' id='word_1_215' title='bbox 483 2953 571 3015; x_wconf 88' lang='lat' dir='ltr'>specie,</span> <span class='ocrx_word' id='word_1_216' title='bbox 584 2954 613 3000; x_wconf 94' lang='lat' dir='ltr'>R.</span> <span class='ocrx_word' id='word_1_217' title='bbox 627 2954 682 3013; x_wconf 88' lang='lat'>251,</span> 
     </span>
     <span class='ocr_line' id='line_1_42' title="bbox 164 3017 682 3081; baseline 0.006 -18"><span class='ocrx_word' id='word_1_218' title='bbox 164 3032 213 3078; x_wconf 86' lang='lat' dir='ltr'>seq.</span> <span class='ocrx_word' id='word_1_219' title='bbox 247 3017 286 3064; x_wconf 90' lang='lat' dir='ltr'>De</span> <span class='ocrx_word' id='word_1_220' title='bbox 307 3017 354 3065; x_wconf 87' lang='grc'><strong>1166</strong></span> <span class='ocrx_word' id='word_1_221' title='bbox 375 3034 403 3065; x_wconf 91' lang='grc'>16</span> <span class='ocrx_word' id='word_1_222' title='bbox 426 3019 557 3066; x_wconf 82' lang='lat' dir='ltr'>Nazaraeos</span> <span class='ocrx_word' id='word_1_223' title='bbox 578 3019 682 3081; x_wconf 81' lang='lat' dir='ltr'>profert,</span> 
     </span>
     <span class='ocr_line' id='line_1_43' title="bbox 164 3081 683 3142; baseline 0.006 -14"><span class='ocrx_word' id='word_1_224' title='bbox 164 3081 192 3128; x_wconf 91' lang='lat' dir='ltr'>R.</span> <span class='ocrx_word' id='word_1_225' title='bbox 206 3082 267 3140; x_wconf 91' lang='lat'>254;</span> <span class='ocrx_word' id='word_1_226' title='bbox 292 3086 318 3130; x_wconf 87' lang='grc'>61</span> <span class='ocrx_word' id='word_1_227' title='bbox 336 3083 492 3142; x_wconf 84' lang='lat' dir='ltr'>Manichaecs,</span> <span class='ocrx_word' id='word_1_228' title='bbox 511 3083 540 3130; x_wconf 91' lang='lat' dir='ltr'>R.</span> <span class='ocrx_word' id='word_1_229' title='bbox 555 3083 610 3132; x_wconf 87' lang='lat'>258.</span> <span class='ocrx_word' id='word_1_230' title='bbox 644 3083 683 3131; x_wconf 89' lang='grc'>116</span> 
     </span>
     <span class='ocr_line' id='line_1_44' title="bbox 164 3147 681 3210; baseline 0.004 -18"><span class='ocrx_word' id='word_1_231' title='bbox 164 3147 321 3194; x_wconf 85' lang='lat' dir='ltr'>Eucharistia</span> <span class='ocrx_word' id='word_1_232' title='bbox 328 3148 398 3196; x_wconf 90' lang='lat' dir='ltr'>domi</span> <span class='ocrx_word' id='word_1_233' title='bbox 409 3152 510 3210; x_wconf 90' lang='lat' dir='ltr'>sumpta</span> <span class='ocrx_word' id='word_1_234' title='bbox 519 3148 605 3196; x_wconf 88' lang='lat' dir='ltr'>Patres</span> <span class='ocrx_word' id='word_1_235' title='bbox 613 3148 681 3207; x_wconf 90' lang='grc'><strong>61161,</strong></span> 
     </span>
     <span class='ocr_line' id='line_1_45' title="bbox 164 3211 682 3274; baseline 0.002 -16"><span class='ocrx_word' id='word_1_236' title='bbox 164 3211 192 3258; x_wconf 92' lang='lat' dir='ltr'>R.</span> <span class='ocrx_word' id='word_1_237' title='bbox 206 3213 260 3270; x_wconf 89' lang='lat'><strong>259,</strong></span> <span class='ocrx_word' id='word_1_238' title='bbox 274 3214 321 3259; x_wconf 91' lang='lat'>260</span> <span class='ocrx_word' id='word_1_239' title='bbox 329 3228 335 3271; x_wconf 89' lang='lat'>;</span> <span class='ocrx_word' id='word_1_240' title='bbox 353 3216 448 3260; x_wconf 84' lang='grc'><strong>616661</strong></span> <span class='ocrx_word' id='word_1_241' title='bbox 463 3213 494 3260; x_wconf 88' lang='lat' dir='ltr'>ad</span> <span class='ocrx_word' id='word_1_242' title='bbox 511 3216 618 3274; x_wconf 80' lang='lat' dir='ltr'>aegrotos</span> <span class='ocrx_word' id='word_1_243' title='bbox 635 3213 682 3260; x_wconf 92' lang='lat' dir='ltr'>sub</span> 
     </span>
     <span class='ocr_line' id='line_1_46' title="bbox 164 3277 682 3338; baseline 0.004 -16"><span class='ocrx_word' id='word_1_244' title='bbox 164 3291 214 3322; x_wconf 89' lang='lat' dir='ltr'>una</span> <span class='ocrx_word' id='word_1_245' title='bbox 224 3280 326 3323; x_wconf 85' lang='lat' dir='ltr'>tantum</span> <span class='ocrx_word' id='word_1_246' title='bbox 334 3278 415 3338; x_wconf 89' lang='lat' dir='ltr'>specie</span> <span class='ocrx_word' id='word_1_247' title='bbox 424 3277 533 3324; x_wconf 85' lang='lat' dir='ltr'>delatam</span> <span class='ocrx_word' id='word_1_248' title='bbox 541 3278 618 3326; x_wconf 87' lang='lat' dir='ltr'>fuisse</span> <span class='ocrx_word' id='word_1_249' title='bbox 626 3293 682 3325; x_wconf 89' lang='lat' dir='ltr'>con-</span> 
     </span>
     <span class='ocr_line' id='line_1_47' title="bbox 164 3341 683 3401; baseline 0.008 -16"><span class='ocrx_word' id='word_1_250' title='bbox 164 3341 253 3400; x_wconf 87' lang='lat' dir='ltr'>tendit,</span> <span class='ocrx_word' id='word_1_251' title='bbox 266 3341 295 3387; x_wconf 88' lang='lat' dir='ltr'>R.</span> <span class='ocrx_word' id='word_1_252' title='bbox 308 3343 362 3401; x_wconf 88' lang='lat'><strong>260,</strong></span> <span class='ocrx_word' id='word_1_253' title='bbox 376 3342 430 3388; x_wconf 91' lang='lat'>261.</span> <span class='ocrx_word' id='word_1_254' title='bbox 464 3342 502 3388; x_wconf 94' lang='lat' dir='ltr'>De</span> <span class='ocrx_word' id='word_1_255' title='bbox 513 3343 683 3389; x_wconf 86' lang='lat' dir='ltr'>transubstan-</span> 
     </span>
     <span class='ocr_line' id='line_1_48' title="bbox 164 3405 681 3466; baseline 0.004 -16"><span class='ocrx_word' id='word_1_256' title='bbox 164 3405 268 3451; x_wconf 89' lang='lat' dir='ltr'>tiatione</span> <span class='ocrx_word' id='word_1_257' title='bbox 275 3405 363 3452; x_wconf 89' lang='lat' dir='ltr'>Patres</span> <span class='ocrx_word' id='word_1_258' title='bbox 374 3405 442 3463; x_wconf 90' lang='lat' dir='ltr'>citat,</span> <span class='ocrx_word' id='word_1_259' title='bbox 455 3405 478 3453; x_wconf 91' lang='lat' dir='ltr'>S.</span> <span class='ocrx_word' id='word_1_260' title='bbox 487 3405 556 3466; x_wconf 87' lang='lat' dir='ltr'>Cyril</span> <span class='ocrx_word' id='word_1_261' title='bbox 567 3406 644 3465; x_wconf 89' lang='lat' dir='ltr'>Hier„</span> <span class='ocrx_word' id='word_1_262' title='bbox 652 3406 681 3452; x_wconf 88' lang='lat' dir='ltr'>R.</span> 
     </span>
     <span class='ocr_line' id='line_1_49' title="bbox 165 3469 681 3532; baseline 0.004 -18"><span class='ocrx_word' id='word_1_263' title='bbox 165 3469 219 3515; x_wconf 89' lang='lat'>262.</span> <span class='ocrx_word' id='word_1_264' title='bbox 248 3469 271 3516; x_wconf 94' lang='lat' dir='ltr'>S.</span> <span class='ocrx_word' id='word_1_265' title='bbox 280 3469 375 3528; x_wconf 84' lang='lat' dir='ltr'>Ambr„</span> <span class='ocrx_word' id='word_1_266' title='bbox 384 3470 407 3517; x_wconf 91' lang='lat' dir='ltr'>S.</span> <span class='ocrx_word' id='word_1_267' title='bbox 417 3469 489 3530; x_wconf 82' lang='lat' dir='ltr'>Greg.</span> <span class='ocrx_word' id='word_1_268' title='bbox 498 3470 581 3532; x_wconf 87' lang='lat' dir='ltr'>Nyss„</span> <span class='ocrx_word' id='word_1_269' title='bbox 589 3471 618 3517; x_wconf 92' lang='lat' dir='ltr'>R.</span> <span class='ocrx_word' id='word_1_270' title='bbox 627 3471 681 3517; x_wconf 89' lang='lat'>263.</span> 
     </span>
     <span class='ocr_line' id='line_1_50' title="bbox 164 3532 683 3595; baseline 0.006 -16"><span class='ocrx_word' id='word_1_271' title='bbox 164 3533 188 3580; x_wconf 91' lang='lat' dir='ltr'>S.</span> <span class='ocrx_word' id='word_1_272' title='bbox 195 3532 326 3593; x_wconf 80' lang='lat' dir='ltr'>Gaudent„</span> <span class='ocrx_word' id='word_1_273' title='bbox 335 3533 358 3580; x_wconf 91' lang='lat' dir='ltr'>S.</span> <span class='ocrx_word' id='word_1_274' title='bbox 367 3533 503 3595; x_wconf 90' lang='lat' dir='ltr'>Chrysost„</span> <span class='ocrx_word' id='word_1_275' title='bbox 517 3533 622 3581; x_wconf 84' lang='lat' dir='ltr'>Arnold.</span> <span class='ocrx_word' id='word_1_276' title='bbox 628 3535 683 3582; x_wconf 88' lang='lat' dir='ltr'>Car·</span> 
     </span>
     <span class='ocr_line' id='line_1_51' title="bbox 160 3598 684 3657; baseline 0.004 -13"><span class='ocrx_word' id='word_1_277' title='bbox 160 3601 224 3657; x_wconf 88' lang='lat' dir='ltr'>not„</span> <span class='ocrx_word' id='word_1_278' title='bbox 233 3598 262 3644; x_wconf 89' lang='lat' dir='ltr'>R.</span> <span class='ocrx_word' id='word_1_279' title='bbox 270 3599 325 3645; x_wconf 89' lang='lat'>264.</span> <span class='ocrx_word' id='word_1_280' title='bbox 353 3599 391 3645; x_wconf 91' lang='lat' dir='ltr'>De</span> <span class='ocrx_word' id='word_1_281' title='bbox 401 3598 545 3646; x_wconf 87' lang='lat' dir='ltr'>adoratione</span> <span class='ocrx_word' id='word_1_282' title='bbox 554 3598 684 3646; x_wconf 86' lang='lat' dir='ltr'>Eucharis-</span> 
     </span>
     <span class='ocr_line' id='line_1_52' title="bbox 165 3662 683 3725; baseline 0.004 -17"><span class='ocrx_word' id='word_1_283' title='bbox 165 3664 212 3721; x_wconf 85' lang='lat' dir='ltr'>tiae,</span> <span class='ocrx_word' id='word_1_284' title='bbox 222 3663 251 3709; x_wconf 89' lang='lat' dir='ltr'>R.</span> <span class='ocrx_word' id='word_1_285' title='bbox 261 3663 308 3710; x_wconf 90' lang='lat'>266</span> <span class='ocrx_word' id='word_1_286' title='bbox 317 3679 324 3721; x_wconf 88' lang='lat'>;</span> <span class='ocrx_word' id='word_1_287' title='bbox 339 3666 365 3710; x_wconf 88' lang='lat' dir='ltr'>et</span> <span class='ocrx_word' id='word_1_288' title='bbox 376 3662 431 3724; x_wconf 87' lang='lat' dir='ltr'>ejus</span> <span class='ocrx_word' id='word_1_289' title='bbox 442 3663 683 3725; x_wconf 84' lang='lat' dir='ltr'>circumgestatione,</span> 
     </span>
     <span class='ocr_line' id='line_1_53' title="bbox 165 3727 683 3790; baseline 0 -16"><span class='ocrx_word' id='word_1_290' title='bbox 165 3728 193 3774; x_wconf 90' lang='lat' dir='ltr'>R.</span> <span class='ocrx_word' id='word_1_291' title='bbox 203 3727 256 3778; x_wconf 86' lang='lat'>267.</span> <span class='ocrx_word' id='word_1_292' title='bbox 276 3727 314 3774; x_wconf 93' lang='lat' dir='ltr'>De</span> <span class='ocrx_word' id='word_1_293' title='bbox 321 3727 439 3789; x_wconf 86' lang='lat' dir='ltr'>operibus</span> <span class='ocrx_word' id='word_1_294' title='bbox 445 3727 683 3790; x_wconf 86' lang='lat' dir='ltr'>Superercgationis,</span> 
     </span>
     <span class='ocr_line' id='line_1_54' title="bbox 165 3793 684 3854; baseline 0.004 -15"><span class='ocrx_word' id='word_1_295' title='bbox 165 3793 194 3839; x_wconf 89' lang='lat' dir='ltr'>R.</span> <span class='ocrx_word' id='word_1_296' title='bbox 208 3793 262 3843; x_wconf 91' lang='lat'>267.</span> <span class='ocrx_word' id='word_1_297' title='bbox 312 3793 351 3839; x_wconf 91' lang='lat' dir='ltr'>De</span> <span class='ocrx_word' id='word_1_298' title='bbox 368 3793 541 3840; x_wconf 90' lang='lat' dir='ltr'>benedictione</span> <span class='ocrx_word' id='word_1_299' title='bbox 557 3807 684 3854; x_wconf 88' lang='lat' dir='ltr'>campana·</span> 
     </span>
     <span class='ocr_line' id='line_1_55' title="bbox 133 3858 405 3918; baseline 0.004 -15"><span class='ocrx_word' id='word_1_300' title='bbox 133 3897 136 3902; x_wconf 94' lang='lat'>.</span> <span class='ocrx_word' id='word_1_301' title='bbox 164 3873 228 3916; x_wconf 89' lang='lat' dir='ltr'>rum,</span> <span class='ocrx_word' id='word_1_302' title='bbox 241 3858 270 3904; x_wconf 91' lang='lat' dir='ltr'>R.</span> <span class='ocrx_word' id='word_1_303' title='bbox 282 3859 337 3918; x_wconf 87' lang='lat'>268,</span> <span class='ocrx_word' id='word_1_304' title='bbox 351 3859 405 3905; x_wconf 90' lang='lat'>269.</span> 
     </span>
    </p>

    <p class='ocr_par' dir='ltr' id='par_1_8' title="bbox 163 3922 685 4294">
     <span class='ocr_line' id='line_1_56' title="bbox 197 3922 684 3983; baseline 0.002 -15"><span class='ocrx_word' id='word_1_305' title='bbox 197 3923 235 3970; x_wconf 90' lang='lat' dir='ltr'>De</span> <span class='ocrx_word' id='word_1_306' title='bbox 246 3923 405 3971; x_wconf 87' lang='lat' dir='ltr'>veneratione</span> <span class='ocrx_word' id='word_1_307' title='bbox 417 3922 580 3983; x_wconf 88' lang='lat' dir='ltr'>reliquiarum</span> <span class='ocrx_word' id='word_1_308' title='bbox 593 3925 619 3969; x_wconf 92' lang='lat' dir='ltr'>et</span> <span class='ocrx_word' id='word_1_309' title='bbox 630 3937 684 3969; x_wconf 89' lang='lat' dir='ltr'>cru·</span> 
     </span>
     <span class='ocr_line' id='line_1_57' title="bbox 165 3986 684 4047; baseline 0.002 -14"><span class='ocrx_word' id='word_1_310' title='bbox 165 3987 200 4033; x_wconf 89' lang='lat' dir='ltr'>cis</span> <span class='ocrx_word' id='word_1_311' title='bbox 213 3988 274 4034; x_wconf 88' lang='lat' dir='ltr'>citat</span> <span class='ocrx_word' id='word_1_312' title='bbox 284 3987 377 4047; x_wconf 85' lang='lat' dir='ltr'>Patres,</span> <span class='ocrx_word' id='word_1_313' title='bbox 390 3989 419 4035; x_wconf 90' lang='lat' dir='ltr'>R.</span> <span class='ocrx_word' id='word_1_314' title='bbox 433 3988 568 4039; x_wconf 89' lang='grc'><strong>270-274.</strong></span> <span class='ocrx_word' id='word_1_315' title='bbox 602 3986 684 4035; x_wconf 91' lang='lat' dir='ltr'>ldolc·</span> 
     </span>
     <span class='ocr_line' id='line_1_58' title="bbox 163 4051 684 4112; baseline -0.002 -12"><span class='ocrx_word' id='word_1_316' title='bbox 163 4051 263 4100; x_wconf 83' lang='lat' dir='ltr'>latriam</span> <span class='ocrx_word' id='word_1_317' title='bbox 279 4052 373 4112; x_wconf 89' lang='lat' dir='ltr'>definit,</span> <span class='ocrx_word' id='word_1_318' title='bbox 386 4054 414 4099; x_wconf 91' lang='lat' dir='ltr'>R.</span> <span class='ocrx_word' id='word_1_319' title='bbox 427 4053 482 4104; x_wconf 89' lang='lat'>274.</span> <span class='ocrx_word' id='word_1_320' title='bbox 515 4052 620 4100; x_wconf 88' lang='lat' dir='ltr'>Diversa</span> <span class='ocrx_word' id='word_1_321' title='bbox 631 4067 684 4099; x_wconf 90' lang='lat' dir='ltr'>esse</span> 
     </span>
     <span class='ocr_line' id='line_1_59' title="bbox 165 4115 683 4178; baseline 0.004 -16"><span class='ocrx_word' id='word_1_322' title='bbox 165 4115 316 4163; x_wconf 83' lang='lat' dir='ltr'>adorationis</span> <span class='ocrx_word' id='word_1_323' title='bbox 333 4132 424 4178; x_wconf 85' lang='lat' dir='ltr'>genera</span> <span class='ocrx_word' id='word_1_324' title='bbox 437 4117 574 4176; x_wconf 88' lang='lat' dir='ltr'>contendit,</span> <span class='ocrx_word' id='word_1_325' title='bbox 586 4117 615 4164; x_wconf 89' lang='lat' dir='ltr'>R.</span> <span class='ocrx_word' id='word_1_326' title='bbox 628 4117 683 4176; x_wconf 85' lang='lat'>275,</span> 
     </span>
     <span class='ocr_line' id='line_1_60' title="bbox 166 4179 682 4243; baseline 0.004 -16"><span class='ocrx_word' id='word_1_327' title='bbox 166 4196 215 4242; x_wconf 89' lang='lat' dir='ltr'>seq.</span> <span class='ocrx_word' id='word_1_328' title='bbox 250 4181 288 4227; x_wconf 92' lang='lat' dir='ltr'>De</span> <span class='ocrx_word' id='word_1_329' title='bbox 306 4179 459 4243; x_wconf 86' lang='lat' dir='ltr'>Imaginibus</span> <span class='ocrx_word' id='word_1_330' title='bbox 479 4182 527 4229; x_wconf 89' lang='lat' dir='ltr'>Dei</span> <span class='ocrx_word' id='word_1_331' title='bbox 547 4182 682 4239; x_wconf 86' lang='grc' dir='ltr'><strong>Ρ61116,11.</strong></span> 
     </span>
     <span class='ocr_line' id='line_1_61' title="bbox 167 4245 685 4294; baseline 0.006 -3"><span class='ocrx_word' id='word_1_332' title='bbox 167 4247 221 4292; x_wconf 89' lang='lat'>281.</span> <span class='ocrx_word' id='word_1_333' title='bbox 248 4246 285 4291; x_wconf 89' lang='lat' dir='ltr'>De</span> <span class='ocrx_word' id='word_1_334' title='bbox 293 4245 372 4293; x_wconf 89' lang='lat' dir='ltr'>Cruce</span> <span class='ocrx_word' id='word_1_335' title='bbox 384 4250 502 4294; x_wconf 87' lang='lat' dir='ltr'>contactu</span> <span class='ocrx_word' id='word_1_336' title='bbox 514 4247 608 4294; x_wconf 85' lang='lat' dir='ltr'>Christi</span> <span class='ocrx_word' id='word_1_337' title='bbox 619 4247 685 4294; x_wconf 87' lang='lat' dir='ltr'>facta</span> 
     </span>
    </p>
   </div>
   <div class='ocr_carea' id='block_1_5' title="bbox 166 4311 688 4370">
    <p class='ocr_par' dir='ltr' id='par_1_9' title="bbox 166 4311 688 4370">
     <span class='ocr_line' id='line_1_62' title="bbox 166 4311 688 4370; baseline 0.002 -12"><span class='ocrx_word' id='word_1_338' title='bbox 166 4326 240 4370; x_wconf 87' lang='lat' dir='ltr'>sacra,</span> <span class='ocrx_word' id='word_1_339' title='bbox 258 4311 286 4357; x_wconf 92' lang='lat' dir='ltr'>R.</span> <span class='ocrx_word' id='word_1_340' title='bbox 299 4311 354 4358; x_wconf 89' lang='lat'>283.</span> <span class='ocrx_word' id='word_1_341' title='bbox 388 4311 425 4358; x_wconf 90' lang='lat' dir='ltr'>De</span> <span class='ocrx_word' id='word_1_342' title='bbox 443 4312 569 4359; x_wconf 73' lang='lat' dir='ltr'>miraculis</span> <span class='ocrx_word' id='word_1_343' title='bbox 580 4328 594 4359; x_wconf 92' lang='lat' dir='ltr'>a</span> <span class='ocrx_word' id='word_1_344' title='bbox 606 4312 688 4359; x_wconf 89' lang='lat' dir='ltr'>Cruce-</span> 
     </span>
    </p>
   </div>
   <div class='ocr_carea' id='block_1_6' title="bbox 166 4376 683 4502">
    <p class='ocr_par' dir='ltr' id='par_1_10' title="bbox 166 4376 683 4502">
     <span class='ocr_line' id='line_1_63' title="bbox 166 4376 683 4488; baseline 0 -66"><span class='ocrx_word' id='word_1_345' title='bbox 166 4376 245 4488; x_wconf 53' lang='lat' dir='ltr'>{agcgis</span> <span class='ocrx_word' id='word_1_346' title='bbox 259 4376 287 4422; x_wconf 89' lang='lat' dir='ltr'>R.</span> <span class='ocrx_word' id='word_1_347' title='bbox 300 4377 354 4434; x_wconf 90' lang='lat'>283,</span> <span class='ocrx_word' id='word_1_348' title='bbox 365 4376 419 4423; x_wconf 86' lang='lat'>284.</span> <span class='ocrx_word' id='word_1_349' title='bbox 437 4376 475 4423; x_wconf 89' lang='lat' dir='ltr'>De</span> <span class='ocrx_word' id='word_1_350' title='bbox 487 4376 641 4439; x_wconf 88' lang='lat' dir='ltr'>Purgatorio,</span> <span class='ocrx_word' id='word_1_351' title='bbox 654 4376 683 4424; x_wconf 88' lang='lat' dir='ltr'>R.</span> 
     </span>
     <span class='ocr_line' id='line_1_64' title="bbox 167 4445 285 4502; baseline 0 -15"><span class='ocrx_word' id='word_1_352' title='bbox 167 4445 172 4464; x_wconf 78' lang='lat'><strong><em>⁶</em></strong></span> <span class='ocrx_word' id='word_1_353' title='bbox 216 4477 221 4498; x_wconf 93' lang='lat'>,</span> <span class='ocrx_word' id='word_1_354' title='bbox 235 4455 285 4502; x_wconf 90' lang='lat' dir='ltr'>seq.</span> 
     </span>
    </p>
   </div>
   <div class='ocr_carea' id='block_1_7' title="bbox 765 427 1311 2365">
    <p class='ocr_par' dir='ltr' id='par_1_11' title="bbox 765 427 1288 747">
     <span class='ocr_line' id='line_1_65' title="bbox 797 427 1288 490; baseline -0.006 -13"><span class='ocrx_word' id='word_1_355' title='bbox 797 429 835 476; x_wconf 93' lang='lat' dir='ltr'>De</span> <span class='ocrx_word' id='word_1_356' title='bbox 842 428 956 476; x_wconf 89' lang='lat' dir='ltr'>Primatu</span> <span class='ocrx_word' id='word_1_357' title='bbox 963 428 987 477; x_wconf 91' lang='lat' dir='ltr'>S.</span> <span class='ocrx_word' id='word_1_358' title='bbox 996 428 1072 486; x_wconf 90' lang='lat' dir='ltr'>Petri,</span> <span class='ocrx_word' id='word_1_359' title='bbox 1082 428 1111 475; x_wconf 89' lang='lat' dir='ltr'>R.</span> <span class='ocrx_word' id='word_1_360' title='bbox 1119 429 1173 488; x_wconf 88' lang='lat'><strong>239,</strong></span> <span class='ocrx_word' id='word_1_361' title='bbox 1182 443 1232 490; x_wconf 86' lang='lat' dir='ltr'>seq.</span> <span class='ocrx_word' id='word_1_362' title='bbox 1250 427 1288 475; x_wconf 91' lang='lat' dir='ltr'>De</span> 
     </span>
     <span class='ocr_line' id='line_1_66' title="bbox 765 493 1287 552; baseline 0.002 -12"><span class='ocrx_word' id='word_1_363' title='bbox 765 494 842 541; x_wconf 90' lang='lat' dir='ltr'>Petro</span> <span class='ocrx_word' id='word_1_364' title='bbox 849 493 942 541; x_wconf 87' lang='lat' dir='ltr'>visibili</span> <span class='ocrx_word' id='word_1_365' title='bbox 949 494 1056 541; x_wconf 87' lang='lat' dir='ltr'>Rectcre</span> <span class='ocrx_word' id='word_1_366' title='bbox 1062 493 1186 552; x_wconf 85' lang='lat' dir='ltr'>Rccleeiae,</span> <span class='ocrx_word' id='word_1_367' title='bbox 1196 493 1225 540; x_wconf 89' lang='lat' dir='ltr'>R.</span> <span class='ocrx_word' id='word_1_368' title='bbox 1232 493 1287 541; x_wconf 89' lang='lat'>294.</span> 
     </span>
     <span class='ocr_line' id='line_1_67' title="bbox 765 557 1288 617; baseline -0.004 -11"><span class='ocrx_word' id='word_1_369' title='bbox 765 559 813 606; x_wconf 89' lang='lat' dir='ltr'>Cui</span> <span class='ocrx_word' id='word_1_370' title='bbox 834 558 879 605; x_wconf 89' lang='lat' dir='ltr'>uni</span> <span class='ocrx_word' id='word_1_371' title='bbox 899 558 982 606; x_wconf 87' lang='lat' dir='ltr'>claves</span> <span class='ocrx_word' id='word_1_372' title='bbox 1000 559 1072 617; x_wconf 80' lang='lat' dir='ltr'>datae,</span> <span class='ocrx_word' id='word_1_373' title='bbox 1094 558 1123 605; x_wconf 95' lang='lat' dir='ltr'>R.</span> <span class='ocrx_word' id='word_1_374' title='bbox 1136 559 1191 605; x_wconf 86' lang='lat'>295.</span> <span class='ocrx_word' id='word_1_375' title='bbox 1237 557 1288 616; x_wconf 87' lang='lat' dir='ltr'>Qui</span> 
     </span>
     <span class='ocr_line' id='line_1_68' title="bbox 766 621 1288 684; baseline -0.004 -13"><span class='ocrx_word' id='word_1_376' title='bbox 766 623 840 672; x_wconf 89' lang='lat' dir='ltr'>Conc.</span> <span class='ocrx_word' id='word_1_377' title='bbox 860 623 959 670; x_wconf 92' lang='lat' dir='ltr'>Hieros.</span> <span class='ocrx_word' id='word_1_378' title='bbox 980 623 1090 684; x_wconf 87' lang='lat' dir='ltr'>praefuit,</span> <span class='ocrx_word' id='word_1_379' title='bbox 1111 623 1140 671; x_wconf 89' lang='lat' dir='ltr'>R.</span> <span class='ocrx_word' id='word_1_380' title='bbox 1160 621 1215 672; x_wconf 90' lang='grc'><strong>297.</strong></span> <span class='ocrx_word' id='word_1_381' title='bbox 1249 623 1288 669; x_wconf 87' lang='grc'>116</span> 
     </span>
     <span class='ocr_line' id='line_1_69' title="bbox 765 687 1287 747; baseline 0.002 -13"><span class='ocrx_word' id='word_1_382' title='bbox 765 687 881 735; x_wconf 88' lang='lat' dir='ltr'>Primatu</span> <span class='ocrx_word' id='word_1_383' title='bbox 892 689 916 736; x_wconf 90' lang='lat' dir='ltr'>S.</span> <span class='ocrx_word' id='word_1_384' title='bbox 929 687 999 735; x_wconf 90' lang='lat' dir='ltr'>Petri</span> <span class='ocrx_word' id='word_1_385' title='bbox 1011 687 1099 735; x_wconf 88' lang='lat' dir='ltr'>Patres</span> <span class='ocrx_word' id='word_1_386' title='bbox 1116 687 1184 747; x_wconf 87' lang='grc'><strong>61161,</strong></span> <span class='ocrx_word' id='word_1_387' title='bbox 1197 687 1226 734; x_wconf 91' lang='lat' dir='ltr'>R.</span> <span class='ocrx_word' id='word_1_388' title='bbox 1239 688 1287 735; x_wconf 88' lang='lat'>299</span> 
     </span>
    </p>

    <p class='ocr_par' dir='ltr' id='par_1_12' title="bbox 765 816 1311 2365">
     <span class='ocr_line' id='line_1_70' title="bbox 797 816 1287 878; baseline 0.002 -15"><span class='ocrx_word' id='word_1_389' title='bbox 797 817 836 864; x_wconf 94' lang='lat' dir='ltr'>De</span> <span class='ocrx_word' id='word_1_390' title='bbox 853 816 1019 876; x_wconf 88' lang='lat' dir='ltr'>Antichristo,</span> <span class='ocrx_word' id='word_1_391' title='bbox 1037 816 1067 864; x_wconf 91' lang='lat' dir='ltr'>R.</span> <span class='ocrx_word' id='word_1_392' title='bbox 1085 816 1139 876; x_wconf 88' lang='grc'><strong>304,</strong></span> <span class='ocrx_word' id='word_1_393' title='bbox 1156 831 1207 878; x_wconf 88' lang='lat' dir='ltr'>seq.</span> <span class='ocrx_word' id='word_1_394' title='bbox 1248 817 1287 864; x_wconf 90' lang='lat' dir='ltr'>De</span> 
     </span>
     <span class='ocr_line' id='line_1_71' title="bbox 765 880 1285 943; baseline 0 -15"><span class='ocrx_word' id='word_1_395' title='bbox 765 881 915 929; x_wconf 84' lang='lat' dir='ltr'>discessione</span> <span class='ocrx_word' id='word_1_396' title='bbox 932 881 986 943; x_wconf 89' lang='lat' dir='ltr'>ejus</span> <span class='ocrx_word' id='word_1_397' title='bbox 1002 885 1118 943; x_wconf 89' lang='lat' dir='ltr'>tempore</span> <span class='ocrx_word' id='word_1_398' title='bbox 1138 880 1233 941; x_wconf 88' lang='lat' dir='ltr'>futura,</span> <span class='ocrx_word' id='word_1_399' title='bbox 1256 881 1285 929; x_wconf 91' lang='lat' dir='ltr'>R.</span> 
     </span>
     <span class='ocr_line' id='line_1_72' title="bbox 766 945 1287 1008; baseline 0 -14"><span class='ocrx_word' id='word_1_400' title='bbox 766 947 820 997; x_wconf 92' lang='grc'><strong>307.</strong></span> <span class='ocrx_word' id='word_1_401' title='bbox 840 946 922 1008; x_wconf 90' lang='lat' dir='ltr'>Super</span> <span class='ocrx_word' id='word_1_402' title='bbox 930 961 994 1007; x_wconf 92' lang='lat' dir='ltr'>quos</span> <span class='ocrx_word' id='word_1_403' title='bbox 1005 945 1178 993; x_wconf 86' lang='lat' dir='ltr'>Antichristus</span> <span class='ocrx_word' id='word_1_404' title='bbox 1187 960 1240 993; x_wconf 89' lang='lat' dir='ltr'>sese</span> <span class='ocrx_word' id='word_1_405' title='bbox 1247 961 1287 994; x_wconf 85' lang='lat' dir='ltr'>ex·</span> 
     </span>
     <span class='ocr_line' id='line_1_73' title="bbox 765 1009 1287 1072; baseline 0 -14"><span class='ocrx_word' id='word_1_406' title='bbox 765 1011 840 1059; x_wconf 92' lang='lat' dir='ltr'>tollet</span> <span class='ocrx_word' id='word_1_407' title='bbox 849 1011 960 1070; x_wconf 85' lang='lat' dir='ltr'>discutit,</span> <span class='ocrx_word' id='word_1_408' title='bbox 969 1011 998 1057; x_wconf 91' lang='lat' dir='ltr'>R.</span> <span class='ocrx_word' id='word_1_409' title='bbox 1009 1012 1064 1058; x_wconf 91' lang='lat'>309.</span> <span class='ocrx_word' id='word_1_410' title='bbox 1088 1010 1126 1056; x_wconf 92' lang='grc'>116</span> <span class='ocrx_word' id='word_1_411' title='bbox 1133 1009 1221 1057; x_wconf 88' lang='grc'><strong>161616</strong></span> <span class='ocrx_word' id='word_1_412' title='bbox 1231 1011 1287 1072; x_wconf 91' lang='lat' dir='ltr'>ejus</span> 
     </span>
     <span class='ocr_line' id='line_1_74' title="bbox 766 1075 1286 1137; baseline 0 -15"><span class='ocrx_word' id='word_1_413' title='bbox 766 1076 824 1122; x_wconf 90' lang='lat' dir='ltr'>sede</span> <span class='ocrx_word' id='word_1_414' title='bbox 840 1076 867 1123; x_wconf 93' lang='lat' dir='ltr'>in</span> <span class='ocrx_word' id='word_1_415' title='bbox 878 1075 974 1137; x_wconf 93' lang='lat' dir='ltr'>templo</span> <span class='ocrx_word' id='word_1_416' title='bbox 989 1075 1095 1134; x_wconf 86' lang='lat' dir='ltr'>Hieros„</span> <span class='ocrx_word' id='word_1_417' title='bbox 1108 1075 1137 1122; x_wconf 90' lang='lat' dir='ltr'>R.</span> <span class='ocrx_word' id='word_1_418' title='bbox 1150 1076 1286 1124; x_wconf 83' lang='lat'>311-313.</span> 
     </span>
     <span class='ocr_line' id='line_1_75' title="bbox 766 1139 1287 1202; baseline -0.004 -14"><span class='ocrx_word' id='word_1_419' title='bbox 766 1141 859 1202; x_wconf 90' lang='lat' dir='ltr'>Papam</span> <span class='ocrx_word' id='word_1_420' title='bbox 875 1141 1016 1188; x_wconf 91' lang='lat' dir='ltr'>condonare</span> <span class='ocrx_word' id='word_1_421' title='bbox 1041 1142 1149 1201; x_wconf 88' lang='lat' dir='ltr'>peccata,</span> <span class='ocrx_word' id='word_1_422' title='bbox 1173 1139 1222 1187; x_wconf 92' lang='lat' dir='ltr'>nisi</span> <span class='ocrx_word' id='word_1_423' title='bbox 1243 1140 1287 1187; x_wconf 92' lang='lat' dir='ltr'>mi·</span> 
     </span>
     <span class='ocr_line' id='line_1_76' title="bbox 765 1204 1288 1266; baseline -0.002 -13"><span class='ocrx_word' id='word_1_424' title='bbox 765 1205 933 1264; x_wconf 84' lang='lat' dir='ltr'>nisterialiter,</span> <span class='ocrx_word' id='word_1_425' title='bbox 943 1208 1025 1266; x_wconf 87' lang='lat' dir='ltr'>negat,</span> <span class='ocrx_word' id='word_1_426' title='bbox 1037 1205 1067 1251; x_wconf 90' lang='lat' dir='ltr'>R.</span> <span class='ocrx_word' id='word_1_427' title='bbox 1078 1204 1132 1252; x_wconf 91' lang='lat'>314.</span> <span class='ocrx_word' id='word_1_428' title='bbox 1166 1204 1288 1252; x_wconf 85' lang='lat' dir='ltr'>Miracula</span> 
     </span>
     <span class='ocr_line' id='line_1_77' title="bbox 766 1269 1288 1332; baseline 0 -15"><span class='ocrx_word' id='word_1_429' title='bbox 766 1270 848 1317; x_wconf 88' lang='lat' dir='ltr'>multa</span> <span class='ocrx_word' id='word_1_430' title='bbox 875 1286 933 1332; x_wconf 87' lang='lat' dir='ltr'>erga</span> <span class='ocrx_word' id='word_1_431' title='bbox 961 1269 1145 1316; x_wconf 85' lang='lat' dir='ltr'>Eucharistiam</span> <span class='ocrx_word' id='word_1_432' title='bbox 1175 1269 1288 1317; x_wconf 86' lang='lat' dir='ltr'>exhibita</span> 
     </span>
     <span class='ocr_line' id='line_1_78' title="bbox 765 1333 1285 1396; baseline 0 -14"><span class='ocrx_word' id='word_1_433' title='bbox 765 1339 856 1395; x_wconf 89' lang='lat' dir='ltr'>narrat,</span> <span class='ocrx_word' id='word_1_434' title='bbox 870 1335 900 1382; x_wconf 91' lang='lat' dir='ltr'>R.</span> <span class='ocrx_word' id='word_1_435' title='bbox 913 1335 968 1386; x_wconf 91' lang='grc'><strong>317.</strong></span> <span class='ocrx_word' id='word_1_436' title='bbox 1002 1334 1113 1382; x_wconf 90' lang='lat' dir='ltr'>Bestiam</span> <span class='ocrx_word' id='word_1_437' title='bbox 1128 1333 1196 1396; x_wconf 89' lang='lat' dir='ltr'>apud</span> <span class='ocrx_word' id='word_1_438' title='bbox 1206 1333 1285 1396; x_wconf 85' lang='lat' dir='ltr'>Apoc.</span> 
     </span>
     <span class='ocr_line' id='line_1_79' title="bbox 766 1399 1286 1460; baseline 0.002 -14"><span class='ocrx_word' id='word_1_439' title='bbox 766 1400 871 1447; x_wconf 88' lang='lat' dir='ltr'>eandem</span> <span class='ocrx_word' id='word_1_440' title='bbox 882 1415 936 1447; x_wconf 87' lang='lat' dir='ltr'>esse</span> <span class='ocrx_word' id='word_1_441' title='bbox 947 1415 976 1447; x_wconf 85' lang='lat' dir='ltr'>ac</span> <span class='ocrx_word' id='word_1_442' title='bbox 987 1399 1145 1446; x_wconf 88' lang='lat' dir='ltr'>meretricem</span> <span class='ocrx_word' id='word_1_443' title='bbox 1157 1402 1238 1460; x_wconf 86' lang='lat' dir='ltr'>negat,</span> <span class='ocrx_word' id='word_1_444' title='bbox 1256 1399 1286 1447; x_wconf 91' lang='lat' dir='ltr'>R.</span> 
     </span>
     <span class='ocr_line' id='line_1_80' title="bbox 767 1463 1288 1526; baseline 0 -14"><span class='ocrx_word' id='word_1_445' title='bbox 767 1465 821 1512; x_wconf 90' lang='lat'>321.</span> <span class='ocrx_word' id='word_1_446' title='bbox 834 1465 889 1512; x_wconf 91' lang='grc'><strong>408.</strong></span> <span class='ocrx_word' id='word_1_447' title='bbox 923 1465 962 1512; x_wconf 90' lang='grc'>116</span> <span class='ocrx_word' id='word_1_448' title='bbox 980 1479 1056 1525; x_wconf 87' lang='grc'><strong>16366</strong></span> <span class='ocrx_word' id='word_1_449' title='bbox 1075 1463 1226 1511; x_wconf 87' lang='lat' dir='ltr'>Antichrieti</span> <span class='ocrx_word' id='word_1_450' title='bbox 1242 1479 1288 1526; x_wconf 89' lang='lat' dir='ltr'>per</span> 
     </span>
     <span class='ocr_line' id='line_1_81' title="bbox 766 1527 1286 1588; baseline 0 -12"><span class='ocrx_word' id='word_1_451' title='bbox 766 1533 818 1576; x_wconf 91' lang='lat' dir='ltr'>tres</span> <span class='ocrx_word' id='word_1_452' title='bbox 834 1545 912 1576; x_wconf 88' lang='lat' dir='ltr'>annos</span> <span class='ocrx_word' id='word_1_453' title='bbox 928 1534 954 1576; x_wconf 90' lang='lat' dir='ltr'>et</span> <span class='ocrx_word' id='word_1_454' title='bbox 970 1528 1104 1576; x_wconf 90' lang='lat' dir='ltr'>dimidium</span> <span class='ocrx_word' id='word_1_455' title='bbox 1114 1527 1202 1575; x_wconf 83' lang='lat' dir='ltr'>Patres</span> <span class='ocrx_word' id='word_1_456' title='bbox 1218 1528 1286 1588; x_wconf 87' lang='lat' dir='ltr'>citat,</span> 
     </span>
     <span class='ocr_line' id='line_1_82' title="bbox 766 1593 1288 1651; baseline -0.002 -10"><span class='ocrx_word' id='word_1_457' title='bbox 766 1595 795 1641; x_wconf 92' lang='lat' dir='ltr'>R.</span> <span class='ocrx_word' id='word_1_458' title='bbox 806 1595 861 1642; x_wconf 88' lang='lat'>323.</span> <span class='ocrx_word' id='word_1_459' title='bbox 895 1594 970 1651; x_wconf 85' lang='lat' dir='ltr'>Quod</span> <span class='ocrx_word' id='word_1_460' title='bbox 981 1593 1097 1642; x_wconf 82' lang='lat' dir='ltr'>Christus</span> <span class='ocrx_word' id='word_1_461' title='bbox 1113 1597 1237 1641; x_wconf 88' lang='lat' dir='ltr'>venturus</span> <span class='ocrx_word' id='word_1_462' title='bbox 1254 1593 1288 1641; x_wconf 91' lang='lat' dir='ltr'>eit</span> 
     </span>
     <span class='ocr_line' id='line_1_83' title="bbox 767 1657 1287 1720; baseline 0 -14"><span class='ocrx_word' id='word_1_463' title='bbox 767 1659 854 1706; x_wconf 88' lang='lat' dir='ltr'>statim</span> <span class='ocrx_word' id='word_1_464' title='bbox 873 1662 932 1720; x_wconf 88' lang='lat' dir='ltr'>post</span> <span class='ocrx_word' id='word_1_465' title='bbox 950 1658 1045 1706; x_wconf 87' lang='lat' dir='ltr'>caedem</span> <span class='ocrx_word' id='word_1_466' title='bbox 1061 1657 1214 1704; x_wconf 84' lang='lat' dir='ltr'>Antichristi</span> <span class='ocrx_word' id='word_1_467' title='bbox 1231 1672 1287 1706; x_wconf 91' lang='lat' dir='ltr'>con·</span> 
     </span>
     <span class='ocr_line' id='line_1_84' title="bbox 766 1722 1288 1784; baseline 0 -13"><span class='ocrx_word' id='word_1_468' title='bbox 766 1723 856 1784; x_wconf 91' lang='lat' dir='ltr'>tendit,</span> <span class='ocrx_word' id='word_1_469' title='bbox 868 1724 898 1771; x_wconf 93' lang='lat' dir='ltr'>R.</span> <span class='ocrx_word' id='word_1_470' title='bbox 911 1725 973 1783; x_wconf 90' lang='lat'>326;</span> <span class='ocrx_word' id='word_1_471' title='bbox 988 1727 1014 1770; x_wconf 94' lang='lat' dir='ltr'>et</span> <span class='ocrx_word' id='word_1_472' title='bbox 1025 1726 1111 1770; x_wconf 87' lang='lat' dir='ltr'>tamen</span> <span class='ocrx_word' id='word_1_473' title='bbox 1122 1722 1190 1770; x_wconf 89' lang='lat' dir='ltr'>diem</span> <span class='ocrx_word' id='word_1_474' title='bbox 1197 1722 1288 1784; x_wconf 85' lang='lat' dir='ltr'>judicii</span> 
     </span>
     <span class='ocr_line' id='line_1_85' title="bbox 767 1787 1287 1849; baseline 0.002 -14"><span class='ocrx_word' id='word_1_475' title='bbox 767 1803 820 1835; x_wconf 89' lang='lat' dir='ltr'>esse</span> <span class='ocrx_word' id='word_1_476' title='bbox 831 1788 964 1849; x_wconf 88' lang='lat' dir='ltr'>incertum,</span> <span class='ocrx_word' id='word_1_477' title='bbox 977 1789 1006 1835; x_wconf 90' lang='lat' dir='ltr'>R.</span> <span class='ocrx_word' id='word_1_478' title='bbox 1020 1787 1074 1838; x_wconf 91' lang='grc'><strong>327.</strong></span> <span class='ocrx_word' id='word_1_479' title='bbox 1109 1787 1243 1836; x_wconf 85' lang='lat' dir='ltr'>Enochum</span> <span class='ocrx_word' id='word_1_480' title='bbox 1260 1792 1287 1836; x_wconf 89' lang='grc'>61</span> 
     </span>
     <span class='ocr_line' id='line_1_86' title="bbox 767 1852 1287 1912; baseline 0.004 -13"><span class='ocrx_word' id='word_1_481' title='bbox 767 1854 849 1900; x_wconf 82' lang='lat' dir='ltr'>Ellam</span> <span class='ocrx_word' id='word_1_482' title='bbox 860 1854 925 1900; x_wconf 91' lang='lat' dir='ltr'>duos</span> <span class='ocrx_word' id='word_1_483' title='bbox 937 1869 991 1901; x_wconf 91' lang='lat' dir='ltr'>esse</span> <span class='ocrx_word' id='word_1_484' title='bbox 1003 1853 1091 1900; x_wconf 81' lang='lat' dir='ltr'>Testes</span> <span class='ocrx_word' id='word_1_485' title='bbox 1102 1852 1239 1912; x_wconf 90' lang='lat' dir='ltr'>contendit,</span> <span class='ocrx_word' id='word_1_486' title='bbox 1257 1853 1287 1901; x_wconf 92' lang='lat' dir='ltr'>R.</span> 
     </span>
     <span class='ocr_line' id='line_1_87' title="bbox 768 1916 1286 1977; baseline 0.002 -11"><span class='ocrx_word' id='word_1_487' title='bbox 768 1920 822 1966; x_wconf 87' lang='lat'>329.</span> <span class='ocrx_word' id='word_1_488' title='bbox 856 1919 894 1965; x_wconf 94' lang='lat' dir='ltr'>De</span> <span class='ocrx_word' id='word_1_489' title='bbox 909 1918 995 1966; x_wconf 85' lang='grc'><strong>116616</strong></span> <span class='ocrx_word' id='word_1_490' title='bbox 1011 1917 1098 1964; x_wconf 87' lang='lat' dir='ltr'>Patres</span> <span class='ocrx_word' id='word_1_491' title='bbox 1109 1916 1177 1977; x_wconf 86' lang='lat' dir='ltr'>citat,</span> <span class='ocrx_word' id='word_1_492' title='bbox 1189 1918 1219 1965; x_wconf 93' lang='grc'>11.</span> <span class='ocrx_word' id='word_1_493' title='bbox 1232 1919 1286 1967; x_wconf 89' lang='grc'><strong>331.</strong></span> 
     </span>
     <span class='ocr_line' id='line_1_88' title="bbox 768 1980 1288 2045; baseline 0 -14"><span class='ocrx_word' id='word_1_494' title='bbox 768 1985 822 2032; x_wconf 90' lang='lat'>333.</span> <span class='ocrx_word' id='word_1_495' title='bbox 833 1980 838 1988; x_wconf 70' lang='grc'><strong>’</strong></span> <span class='ocrx_word' id='word_1_496' title='bbox 856 1983 907 2030; x_wconf 83' lang='grc'><strong>1166</strong></span> <span class='ocrx_word' id='word_1_497' title='bbox 917 1999 984 2030; x_wconf 90' lang='lat' dir='ltr'>nunc</span> <span class='ocrx_word' id='word_1_498' title='bbox 996 1997 1049 2029; x_wconf 86' lang='lat' dir='ltr'>esse</span> <span class='ocrx_word' id='word_1_499' title='bbox 1060 1981 1086 2029; x_wconf 91' lang='lat' dir='ltr'>in</span> <span class='ocrx_word' id='word_1_500' title='bbox 1097 1981 1214 2030; x_wconf 86' lang='lat' dir='ltr'>Paradiso</span> <span class='ocrx_word' id='word_1_501' title='bbox 1228 1982 1288 2045; x_wconf 92' lang='lat' dir='ltr'>(non</span> 
     </span>
     <span class='ocr_line' id='line_1_89' title="bbox 766 2047 1288 2110; baseline 0 -14"><span class='ocrx_word' id='word_1_502' title='bbox 766 2048 793 2095; x_wconf 90' lang='lat' dir='ltr'>in</span> <span class='ocrx_word' id='word_1_503' title='bbox 815 2047 889 2110; x_wconf 83' lang='grc'><strong>66616)</strong></span> <span class='ocrx_word' id='word_1_504' title='bbox 912 2047 1049 2106; x_wconf 90' lang='lat' dir='ltr'>contendit,</span> <span class='ocrx_word' id='word_1_505' title='bbox 1072 2047 1101 2093; x_wconf 92' lang='lat' dir='ltr'>R.</span> <span class='ocrx_word' id='word_1_506' title='bbox 1119 2049 1174 2095; x_wconf 91' lang='lat'>339.</span> <span class='ocrx_word' id='word_1_507' title='bbox 1213 2047 1288 2106; x_wconf 79' lang='lat' dir='ltr'>Quod</span> 
     </span>
     <span class='ocr_line' id='line_1_90' title="bbox 767 2111 1288 2174; baseline 0 -14"><span class='ocrx_word' id='word_1_508' title='bbox 767 2113 883 2161; x_wconf 87' lang='lat' dir='ltr'>Christus</span> <span class='ocrx_word' id='word_1_509' title='bbox 896 2113 993 2174; x_wconf 90' lang='lat' dir='ltr'>primus</span> <span class='ocrx_word' id='word_1_510' title='bbox 1004 2112 1030 2158; x_wconf 93' lang='lat' dir='ltr'>in</span> <span class='ocrx_word' id='word_1_511' title='bbox 1041 2111 1135 2160; x_wconf 90' lang='lat' dir='ltr'>coelum</span> <span class='ocrx_word' id='word_1_512' title='bbox 1146 2111 1240 2160; x_wconf 88' lang='lat' dir='ltr'>dicitur</span> <span class='ocrx_word' id='word_1_513' title='bbox 1252 2128 1288 2160; x_wconf 87' lang='lat' dir='ltr'>as·</span> 
     </span>
     <span class='ocr_line' id='line_1_91' title="bbox 767 2175 1288 2236; baseline 0 -12"><span class='ocrx_word' id='word_1_514' title='bbox 767 2177 885 2236; x_wconf 79' lang='lat' dir='ltr'>condisse,</span> <span class='ocrx_word' id='word_1_515' title='bbox 895 2179 924 2224; x_wconf 91' lang='lat' dir='ltr'>R.</span> <span class='ocrx_word' id='word_1_516' title='bbox 933 2176 1068 2226; x_wconf 80' lang='lat'>341-346.</span> <span class='ocrx_word' id='word_1_517' title='bbox 1093 2175 1143 2223; x_wconf 86' lang='lat' dir='ltr'>Eos</span> <span class='ocrx_word' id='word_1_518' title='bbox 1152 2176 1288 2224; x_wconf 84' lang='lat' dir='ltr'>morituros</span> 
     </span>
     <span class='ocr_line' id='line_1_92' title="bbox 767 2241 1286 2303; baseline 0 -15"><span class='ocrx_word' id='word_1_519' title='bbox 767 2242 822 2288; x_wconf 91' lang='grc'><strong>1616</strong></span> <span class='ocrx_word' id='word_1_520' title='bbox 841 2247 899 2289; x_wconf 88' lang='lat' dir='ltr'>ante</span> <span class='ocrx_word' id='word_1_521' title='bbox 918 2241 1045 2303; x_wconf 88' lang='lat' dir='ltr'>judicium</span> <span class='ocrx_word' id='word_1_522' title='bbox 1063 2244 1156 2300; x_wconf 90' lang='lat' dir='ltr'>censet,</span> <span class='ocrx_word' id='word_1_523' title='bbox 1182 2242 1211 2288; x_wconf 89' lang='lat' dir='ltr'>R.</span> <span class='ocrx_word' id='word_1_524' title='bbox 1232 2243 1286 2298; x_wconf 80' lang='lat'>347,</span> 
     </span>
     <span class='ocr_line' id='line_1_93' title="bbox 767 2305 1311 2365; baseline 0.002 -12"><span class='ocrx_word' id='word_1_525' title='bbox 767 2307 806 2353; x_wconf 94' lang='lat' dir='ltr'>De</span> <span class='ocrx_word' id='word_1_526' title='bbox 817 2307 868 2353; x_wconf 91' lang='lat' dir='ltr'>eitu</span> <span class='ocrx_word' id='word_1_527' title='bbox 880 2306 997 2365; x_wconf 85' lang='lat' dir='ltr'>Paradiei,</span> <span class='ocrx_word' id='word_1_528' title='bbox 1009 2306 1039 2352; x_wconf 93' lang='lat' dir='ltr'>R.</span> <span class='ocrx_word' id='word_1_529' title='bbox 1052 2306 1107 2352; x_wconf 88' lang='lat'>354.</span> <span class='ocrx_word' id='word_1_530' title='bbox 1132 2305 1288 2354; x_wconf 82' lang='grc' dir='ltr'>Γ1666611661</span> <span class='ocrx_word' id='word_1_531' title='bbox 1307 2334 1311 2343; x_wconf 73' lang='lat'>.</span> 
     </span>
    </p>
   </div>
   <div class='ocr_carea' id='block_1_8' title="bbox 767 2369 1357 2419">
    <p class='ocr_par' dir='ltr' id='par_1_13' title="bbox 767 2369 1357 2419">
     <span class='ocr_line' id='line_1_94' title="bbox 767 2369 1357 2419; baseline 0.002 -1"><span class='ocrx_word' id='word_1_532' title='bbox 767 2371 914 2418; x_wconf 83' lang='lat' dir='ltr'>Paradisum</span> <span class='ocrx_word' id='word_1_533' title='bbox 930 2386 981 2417; x_wconf 92' lang='lat' dir='ltr'>non</span> <span class='ocrx_word' id='word_1_534' title='bbox 993 2385 1046 2416; x_wconf 88' lang='lat' dir='ltr'>esse</span> <span class='ocrx_word' id='word_1_535' title='bbox 1063 2369 1165 2416; x_wconf 90' lang='lat' dir='ltr'>omnino</span> <span class='ocrx_word' id='word_1_536' title='bbox 1177 2371 1287 2419; x_wconf 89' lang='lat' dir='ltr'>destruc·</span> <span class='ocrx_word' id='word_1_537' title='bbox 1354 2380 1357 2386; x_wconf 83' lang='grc'><em>’</em></span> 
     </span>
    </p>
   </div>
   <div class='ocr_carea' id='block_1_9' title="bbox 766 2434 1290 4506">
    <p class='ocr_par' dir='ltr' id='par_1_14' title="bbox 766 2434 1290 4506">
     <span class='ocr_line' id='line_1_95' title="bbox 767 2434 1288 2495; baseline 0.002 -12"><span class='ocrx_word' id='word_1_538' title='bbox 767 2439 824 2483; x_wconf 88' lang='grc'><strong>1661</strong></span> <span class='ocrx_word' id='word_1_539' title='bbox 847 2435 951 2495; x_wconf 88' lang='grc'><strong>6666611,</strong></span> <span class='ocrx_word' id='word_1_540' title='bbox 972 2435 1001 2481; x_wconf 92' lang='lat' dir='ltr'>R.</span> <span class='ocrx_word' id='word_1_541' title='bbox 1021 2435 1075 2482; x_wconf 88' lang='lat'>356.</span> <span class='ocrx_word' id='word_1_542' title='bbox 1109 2434 1180 2482; x_wconf 90' lang='lat' dir='ltr'>Duos</span> <span class='ocrx_word' id='word_1_543' title='bbox 1200 2435 1288 2484; x_wconf 79' lang='lat' dir='ltr'>Testes</span> 
     </span>
     <span class='ocr_line' id='line_1_96' title="bbox 767 2499 1286 2561; baseline 0.004 -15"><span class='ocrx_word' id='word_1_544' title='bbox 767 2500 819 2547; x_wconf 94' lang='lat' dir='ltr'>duo</span> <span class='ocrx_word' id='word_1_545' title='bbox 839 2515 892 2546; x_wconf 92' lang='lat' dir='ltr'>esse</span> <span class='ocrx_word' id='word_1_546' title='bbox 911 2500 1072 2546; x_wconf 79' lang='lat' dir='ltr'>Testamenta</span> <span class='ocrx_word' id='word_1_547' title='bbox 1088 2503 1169 2561; x_wconf 88' lang='lat' dir='ltr'>negat,</span> <span class='ocrx_word' id='word_1_548' title='bbox 1189 2499 1218 2547; x_wconf 90' lang='lat' dir='ltr'>R.</span> <span class='ocrx_word' id='word_1_549' title='bbox 1232 2502 1286 2548; x_wconf 86' lang='lat'>359.</span> 
     </span>
     <span class='ocr_line' id='line_1_97' title="bbox 768 2564 1288 2625; baseline -0.002 -12"><span class='ocrx_word' id='word_1_550' title='bbox 768 2566 823 2616; x_wconf 88' lang='grc'><strong>373.</strong></span> <span class='ocrx_word' id='word_1_551' title='bbox 836 2565 890 2624; x_wconf 89' lang='grc'><strong>375,</strong></span> <span class='ocrx_word' id='word_1_552' title='bbox 904 2564 958 2625; x_wconf 90' lang='grc'><strong>376,</strong></span> <span class='ocrx_word' id='word_1_553' title='bbox 967 2564 1021 2616; x_wconf 91' lang='grc'><strong>377.</strong></span> <span class='ocrx_word' id='word_1_554' title='bbox 1052 2564 1133 2612; x_wconf 88' lang='lat' dir='ltr'>Veros</span> <span class='ocrx_word' id='word_1_555' title='bbox 1144 2579 1197 2611; x_wconf 89' lang='lat' dir='ltr'>esse</span> <span class='ocrx_word' id='word_1_556' title='bbox 1208 2564 1288 2612; x_wconf 93' lang='lat' dir='ltr'>homi-</span> 
     </span>
     <span class='ocr_line' id='line_1_98' title="bbox 766 2628 1288 2692; baseline 0 -14"><span class='ocrx_word' id='word_1_557' title='bbox 766 2645 812 2678; x_wconf 86' lang='lat' dir='ltr'>nes</span> <span class='ocrx_word' id='word_1_558' title='bbox 822 2630 917 2691; x_wconf 81' lang='lat' dir='ltr'>asserit,</span> <span class='ocrx_word' id='word_1_559' title='bbox 930 2630 959 2676; x_wconf 91' lang='lat' dir='ltr'>R.</span> <span class='ocrx_word' id='word_1_560' title='bbox 972 2630 1027 2678; x_wconf 89' lang='lat'>361.</span> <span class='ocrx_word' id='word_1_561' title='bbox 1051 2629 1089 2676; x_wconf 92' lang='lat' dir='ltr'>De</span> <span class='ocrx_word' id='word_1_562' title='bbox 1099 2628 1171 2676; x_wconf 85' lang='lat' dir='ltr'>libris</span> <span class='ocrx_word' id='word_1_563' title='bbox 1177 2628 1288 2692; x_wconf 85' lang='lat' dir='ltr'>Apocry·</span> 
     </span>
     <span class='ocr_line' id='line_1_99' title="bbox 767 2693 1287 2756; baseline 0.002 -14"><span class='ocrx_word' id='word_1_564' title='bbox 767 2695 824 2756; x_wconf 87' lang='lat' dir='ltr'>phis</span> <span class='ocrx_word' id='word_1_565' title='bbox 831 2711 846 2742; x_wconf 90' lang='lat' dir='ltr'>a</span> <span class='ocrx_word' id='word_1_566' title='bbox 853 2695 951 2742; x_wconf 88' lang='lat' dir='ltr'>Cancne</span> <span class='ocrx_word' id='word_1_567' title='bbox 959 2693 1057 2741; x_wconf 88' lang='lat' dir='ltr'>omissis</span> <span class='ocrx_word' id='word_1_568' title='bbox 1063 2694 1184 2755; x_wconf 90' lang='lat' dir='ltr'>queritur,</span> <span class='ocrx_word' id='word_1_569' title='bbox 1194 2694 1223 2741; x_wconf 93' lang='lat' dir='ltr'>R.</span> <span class='ocrx_word' id='word_1_570' title='bbox 1232 2696 1287 2743; x_wconf 91' lang='lat'>365.</span> 
     </span>
     <span class='ocr_line' id='line_1_100' title="bbox 768 2759 1287 2820; baseline 0.002 -14"><span class='ocrx_word' id='word_1_571' title='bbox 768 2760 920 2807; x_wconf 83' lang='lat' dir='ltr'>Psalterlum</span> <span class='ocrx_word' id='word_1_572' title='bbox 934 2760 957 2806; x_wconf 93' lang='lat' dir='ltr'>S.</span> <span class='ocrx_word' id='word_1_573' title='bbox 970 2759 1153 2806; x_wconf 84' lang='lat' dir='ltr'>Bonaventurae</span> <span class='ocrx_word' id='word_1_574' title='bbox 1166 2759 1287 2820; x_wconf 90' lang='lat' dir='ltr'>defendit,</span> 
     </span>
     <span class='ocr_line' id='line_1_101' title="bbox 767 2823 1288 2885; baseline 0.002 -13"><span class='ocrx_word' id='word_1_575' title='bbox 767 2825 797 2872; x_wconf 91' lang='lat' dir='ltr'>R.</span> <span class='ocrx_word' id='word_1_576' title='bbox 827 2826 882 2872; x_wconf 91' lang='lat'>366.</span> <span class='ocrx_word' id='word_1_577' title='bbox 927 2824 1073 2872; x_wconf 87' lang='lat' dir='ltr'>Lectionem</span> <span class='ocrx_word' id='word_1_578' title='bbox 1101 2823 1288 2885; x_wconf 87' lang='lat' dir='ltr'>Scripturarum</span> 
     </span>
     <span class='ocr_line' id='line_1_102' title="bbox 768 2889 1288 2951; baseline 0.002 -15"><span class='ocrx_word' id='word_1_579' title='bbox 768 2905 898 2951; x_wconf 90' lang='lat' dir='ltr'>nunquam</span> <span class='ocrx_word' id='word_1_580' title='bbox 915 2889 992 2936; x_wconf 87' lang='lat' dir='ltr'>fuisse</span> <span class='ocrx_word' id='word_1_581' title='bbox 1011 2889 1080 2936; x_wconf 88' lang='lat' dir='ltr'>laicis</span> <span class='ocrx_word' id='word_1_582' title='bbox 1097 2892 1213 2949; x_wconf 85' lang='lat' dir='ltr'>negatam</span> <span class='ocrx_word' id='word_1_583' title='bbox 1233 2905 1288 2937; x_wconf 91' lang='lat' dir='ltr'>con·</span> 
     </span>
     <span class='ocr_line' id='line_1_103' title="bbox 767 2953 1288 3016; baseline 0 -14"><span class='ocrx_word' id='word_1_584' title='bbox 767 2955 856 3013; x_wconf 88' lang='lat' dir='ltr'>tendit,</span> <span class='ocrx_word' id='word_1_585' title='bbox 865 2954 894 3002; x_wconf 91' lang='lat' dir='ltr'>R.</span> <span class='ocrx_word' id='word_1_586' title='bbox 904 2953 1039 3005; x_wconf 84' lang='lat'>369-374.</span> <span class='ocrx_word' id='word_1_587' title='bbox 1060 2953 1187 3000; x_wconf 86' lang='lat' dir='ltr'>Pallidum</span> <span class='ocrx_word' id='word_1_588' title='bbox 1194 2969 1288 3016; x_wconf 90' lang='lat' dir='ltr'>equum</span> 
     </span>
     <span class='ocr_line' id='line_1_104' title="bbox 767 3018 1289 3081; baseline 0 -14"><span class='ocrx_word' id='word_1_589' title='bbox 767 3019 794 3067; x_wconf 90' lang='lat' dir='ltr'>in</span> <span class='ocrx_word' id='word_1_590' title='bbox 812 3019 891 3081; x_wconf 80' lang='lat' dir='ltr'>Apoc.</span> <span class='ocrx_word' id='word_1_591' title='bbox 912 3019 944 3066; x_wconf 85' lang='lat' dir='ltr'>ad</span> <span class='ocrx_word' id='word_1_592' title='bbox 958 3018 1144 3066; x_wconf 87' lang='lat' dir='ltr'>Antichristum</span> <span class='ocrx_word' id='word_1_593' title='bbox 1163 3019 1289 3080; x_wconf 84' lang='lat' dir='ltr'>pertinere</span> 
     </span>
     <span class='ocr_line' id='line_1_105' title="bbox 768 3083 1288 3146; baseline 0 -14"><span class='ocrx_word' id='word_1_594' title='bbox 768 3088 849 3146; x_wconf 83' lang='lat' dir='ltr'>negat,</span> <span class='ocrx_word' id='word_1_595' title='bbox 867 3085 896 3131; x_wconf 89' lang='lat' dir='ltr'>R.</span> <span class='ocrx_word' id='word_1_596' title='bbox 910 3085 964 3135; x_wconf 91' lang='lat'>379.</span> <span class='ocrx_word' id='word_1_597' title='bbox 980 3085 1035 3132; x_wconf 88' lang='lat'>381.</span> <span class='ocrx_word' id='word_1_598' title='bbox 1069 3083 1118 3130; x_wconf 93' lang='lat' dir='ltr'>Per</span> <span class='ocrx_word' id='word_1_599' title='bbox 1135 3083 1234 3132; x_wconf 88' lang='lat' dir='ltr'>stellam</span> <span class='ocrx_word' id='word_1_600' title='bbox 1252 3100 1288 3132; x_wconf 90' lang='lat' dir='ltr'>ca-</span> 
     </span>
     <span class='ocr_line' id='line_1_106' title="bbox 767 3148 1288 3210; baseline 0 -14"><span class='ocrx_word' id='word_1_601' title='bbox 767 3150 871 3196; x_wconf 90' lang='lat' dir='ltr'>dentem</span> <span class='ocrx_word' id='word_1_602' title='bbox 887 3149 1029 3197; x_wconf 84' lang='lat' dir='ltr'>Lutherum</span> <span class='ocrx_word' id='word_1_603' title='bbox 1046 3148 1171 3210; x_wconf 89' lang='lat' dir='ltr'>intelligit,</span> <span class='ocrx_word' id='word_1_604' title='bbox 1190 3148 1219 3196; x_wconf 93' lang='lat' dir='ltr'>R.</span> <span class='ocrx_word' id='word_1_605' title='bbox 1233 3150 1288 3209; x_wconf 88' lang='lat'>332,</span> 
     </span>
     <span class='ocr_line' id='line_1_107' title="bbox 769 3213 1288 3276; baseline -0.002 -14"><span class='ocrx_word' id='word_1_606' title='bbox 769 3216 823 3262; x_wconf 90' lang='lat'>383.</span> <span class='ocrx_word' id='word_1_607' title='bbox 853 3215 891 3261; x_wconf 90' lang='lat' dir='ltr'>De</span> <span class='ocrx_word' id='word_1_608' title='bbox 902 3215 1003 3262; x_wconf 91' lang='lat' dir='ltr'>nomine</span> <span class='ocrx_word' id='word_1_609' title='bbox 1012 3214 1159 3262; x_wconf 88' lang='lat' dir='ltr'>universalis</span> <span class='ocrx_word' id='word_1_610' title='bbox 1171 3213 1288 3276; x_wconf 88' lang='lat' dir='ltr'>Episcopi</span> 
     </span>
     <span class='ocr_line' id='line_1_108' title="bbox 768 3279 1288 3341; baseline 0 -15"><span class='ocrx_word' id='word_1_611' title='bbox 768 3295 783 3326; x_wconf 91' lang='grc'>6</span> <span class='ocrx_word' id='word_1_612' title='bbox 790 3279 872 3326; x_wconf 89' lang='grc' dir='ltr'><strong>Βο611.</strong></span> <span class='ocrx_word' id='word_1_613' title='bbox 881 3283 1010 3341; x_wconf 89' lang='lat' dir='ltr'>usurpato,</span> <span class='ocrx_word' id='word_1_614' title='bbox 1020 3280 1048 3326; x_wconf 89' lang='lat' dir='ltr'>R.</span> <span class='ocrx_word' id='word_1_615' title='bbox 1057 3279 1193 3327; x_wconf 90' lang='lat'>384-386.</span> <span class='ocrx_word' id='word_1_616' title='bbox 1216 3279 1288 3326; x_wconf 90' lang='lat' dir='ltr'>Boni·</span> 
     </span>
     <span class='ocr_line' id='line_1_109' title="bbox 768 3343 1288 3406; baseline 0.002 -16"><span class='ocrx_word' id='word_1_617' title='bbox 768 3343 862 3391; x_wconf 84' lang='lat' dir='ltr'>facium</span> <span class='ocrx_word' id='word_1_618' title='bbox 876 3344 977 3391; x_wconf 91' lang='lat' dir='ltr'>nullum</span> <span class='ocrx_word' id='word_1_619' title='bbox 995 3343 1042 3390; x_wconf 91' lang='lat' dir='ltr'>sibi</span> <span class='ocrx_word' id='word_1_620' title='bbox 1060 3343 1167 3390; x_wconf 79' lang='lat' dir='ltr'>erexisse</span> <span class='ocrx_word' id='word_1_621' title='bbox 1182 3359 1288 3406; x_wconf 90' lang='lat' dir='ltr'>regnum</span> 
     </span>
     <span class='ocr_line' id='line_1_110' title="bbox 769 3407 1290 3466; baseline 0 -11"><span class='ocrx_word' id='word_1_622' title='bbox 769 3408 905 3466; x_wconf 87' lang='lat' dir='ltr'>contendit,</span> <span class='ocrx_word' id='word_1_623' title='bbox 914 3409 944 3454; x_wconf 92' lang='lat' dir='ltr'>R.</span> <span class='ocrx_word' id='word_1_624' title='bbox 953 3408 1008 3458; x_wconf 88' lang='grc'><strong>387.</strong></span> <span class='ocrx_word' id='word_1_625' title='bbox 1022 3407 1209 3455; x_wconf 87' lang='lat' dir='ltr'>Antichristum</span> <span class='ocrx_word' id='word_1_626' title='bbox 1217 3409 1290 3455; x_wconf 89' lang='lat' dir='ltr'>Idola</span> 
     </span>
     <span class='ocr_line' id='line_1_111' title="bbox 769 3470 1288 3532; baseline 0.004 -14"><span class='ocrx_word' id='word_1_627' title='bbox 769 3472 824 3518; x_wconf 89' lang='lat' dir='ltr'>fore</span> <span class='ocrx_word' id='word_1_628' title='bbox 842 3472 971 3518; x_wconf 86' lang='lat' dir='ltr'>culturum</span> <span class='ocrx_word' id='word_1_629' title='bbox 982 3475 1064 3532; x_wconf 87' lang='lat' dir='ltr'>negat,</span> <span class='ocrx_word' id='word_1_630' title='bbox 1074 3472 1103 3518; x_wconf 91' lang='lat' dir='ltr'>R.</span> <span class='ocrx_word' id='word_1_631' title='bbox 1114 3473 1168 3519; x_wconf 87' lang='lat'>389.</span> <span class='ocrx_word' id='word_1_632' title='bbox 1202 3470 1288 3520; x_wconf 92' lang='lat' dir='ltr'>Homi-</span> 
     </span>
     <span class='ocr_line' id='line_1_112' title="bbox 769 3536 1289 3596; baseline 0 -12"><span class='ocrx_word' id='word_1_633' title='bbox 769 3537 833 3584; x_wconf 88' lang='lat' dir='ltr'>cidia</span> <span class='ocrx_word' id='word_1_634' title='bbox 844 3539 870 3582; x_wconf 89' lang='grc'>61</span> <span class='ocrx_word' id='word_1_635' title='bbox 881 3536 930 3582; x_wconf 87' lang='grc'><strong>6116</strong></span> <span class='ocrx_word' id='word_1_636' title='bbox 940 3536 1033 3582; x_wconf 89' lang='grc'><strong>6661616</strong></span> <span class='ocrx_word' id='word_1_637' title='bbox 1043 3536 1111 3596; x_wconf 88' lang='lat' dir='ltr'>apud</span> <span class='ocrx_word' id='word_1_638' title='bbox 1120 3536 1289 3584; x_wconf 83' lang='lat' dir='ltr'>Romanensee</span> 
     </span>
     <span class='ocr_line' id='line_1_113' title="bbox 769 3592 1287 3660; baseline 0 -12"><span class='ocrx_word' id='word_1_639' title='bbox 769 3601 877 3648; x_wconf 87' lang='lat' dir='ltr'>tolerata</span> <span class='ocrx_word' id='word_1_640' title='bbox 891 3614 944 3646; x_wconf 87' lang='lat' dir='ltr'>esse</span> <span class='ocrx_word' id='word_1_641' title='bbox 959 3603 1040 3660; x_wconf 85' lang='lat' dir='ltr'>negat,</span> <span class='ocrx_word' id='word_1_642' title='bbox 1056 3600 1085 3646; x_wconf 92' lang='lat' dir='ltr'>R.</span> <span class='ocrx_word' id='word_1_643' title='bbox 1098 3592 1152 3659; x_wconf 87' lang='grc'><strong>392,</strong></span> <span class='ocrx_word' id='word_1_644' title='bbox 1165 3603 1219 3648; x_wconf 91' lang='grc'><strong>393.</strong></span> <span class='ocrx_word' id='word_1_645' title='bbox 1232 3603 1287 3648; x_wconf 88' lang='grc'><strong>412.</strong></span> 
     </span>
     <span class='ocr_line' id='line_1_114' title="bbox 770 3663 1287 3724; baseline 0.004 -13"><span class='ocrx_word' id='word_1_646' title='bbox 770 3665 824 3712; x_wconf 87' lang='grc'><strong>414.</strong></span> <span class='ocrx_word' id='word_1_647' title='bbox 869 3663 1006 3712; x_wconf 80' lang='lat' dir='ltr'>Monachus</span> <span class='ocrx_word' id='word_1_648' title='bbox 1033 3663 1153 3724; x_wconf 87' lang='lat' dir='ltr'>defendit,</span> <span class='ocrx_word' id='word_1_649' title='bbox 1181 3665 1210 3712; x_wconf 92' lang='lat' dir='ltr'>R.</span> <span class='ocrx_word' id='word_1_650' title='bbox 1233 3667 1287 3714; x_wconf 90' lang='lat'>394.</span> 
     </span>
     <span class='ocr_line' id='line_1_115' title="bbox 770 3727 1287 3790; baseline 0.004 -14"><span class='ocrx_word' id='word_1_651' title='bbox 770 3728 944 3790; x_wconf 85' lang='lat' dir='ltr'>Indulgentiae</span> <span class='ocrx_word' id='word_1_652' title='bbox 955 3732 982 3776; x_wconf 88' lang='lat' dir='ltr'>et</span> <span class='ocrx_word' id='word_1_653' title='bbox 992 3728 1008 3775; x_wconf 88' lang='lat' dir='ltr'><strong>J</strong></span> <span class='ocrx_word' id='word_1_654' title='bbox 1009 3728 1118 3788; x_wconf 86' lang='lat' dir='ltr'>ubilaeoe,</span> <span class='ocrx_word' id='word_1_655' title='bbox 1128 3727 1157 3775; x_wconf 91' lang='lat' dir='ltr'>R.</span> <span class='ocrx_word' id='word_1_656' title='bbox 1168 3730 1222 3789; x_wconf 91' lang='grc'><strong>395,</strong></span> <span class='ocrx_word' id='word_1_657' title='bbox 1232 3732 1287 3778; x_wconf 92' lang='grc'><strong>396.</strong></span> 
     </span>
     <span class='ocr_line' id='line_1_116' title="bbox 769 3793 1288 3855; baseline 0.002 -14"><span class='ocrx_word' id='word_1_658' title='bbox 769 3796 825 3842; x_wconf 90' lang='grc'><strong>413.</strong></span> <span class='ocrx_word' id='word_1_659' title='bbox 864 3793 932 3852; x_wconf 82' lang='lat' dir='ltr'>Quid</span> <span class='ocrx_word' id='word_1_660' title='bbox 949 3809 994 3854; x_wconf 91' lang='lat' dir='ltr'>per</span> <span class='ocrx_word' id='word_1_661' title='bbox 1011 3794 1158 3853; x_wconf 89' lang='lat' dir='ltr'>Draconem,</span> <span class='ocrx_word' id='word_1_662' title='bbox 1178 3795 1288 3855; x_wconf 89' lang='lat' dir='ltr'>priorem</span> 
     </span>
     <span class='ocr_line' id='line_1_117' title="bbox 769 3857 1290 3919; baseline 0.002 -13"><span class='ocrx_word' id='word_1_663' title='bbox 769 3859 887 3918; x_wconf 87' lang='lat' dir='ltr'>Bestiam,</span> <span class='ocrx_word' id='word_1_664' title='bbox 910 3861 936 3904; x_wconf 92' lang='lat' dir='ltr'>et</span> <span class='ocrx_word' id='word_1_665' title='bbox 958 3862 1033 3919; x_wconf 89' lang='lat' dir='ltr'>caput</span> <span class='ocrx_word' id='word_1_666' title='bbox 1055 3857 1109 3919; x_wconf 89' lang='lat' dir='ltr'>ejus</span> <span class='ocrx_word' id='word_1_667' title='bbox 1131 3859 1241 3906; x_wconf 86' lang='lat' dir='ltr'>occisum</span> <span class='ocrx_word' id='word_1_668' title='bbox 1263 3864 1290 3907; x_wconf 90' lang='lat' dir='ltr'>et</span> 
     </span>
     <span class='ocr_line' id='line_1_118' title="bbox 770 3923 1287 3983; baseline 0.002 -12"><span class='ocrx_word' id='word_1_669' title='bbox 770 3924 922 3971; x_wconf 85' lang='lat' dir='ltr'>reviviscens</span> <span class='ocrx_word' id='word_1_670' title='bbox 929 3923 1060 3983; x_wconf 88' lang='lat' dir='ltr'>intelligat,</span> <span class='ocrx_word' id='word_1_671' title='bbox 1068 3923 1186 3983; x_wconf 88' lang='lat' dir='ltr'>ostendit,</span> <span class='ocrx_word' id='word_1_672' title='bbox 1195 3924 1223 3971; x_wconf 90' lang='lat' dir='ltr'>R.</span> <span class='ocrx_word' id='word_1_673' title='bbox 1232 3924 1287 3976; x_wconf 89' lang='lat'>397.</span> 
     </span>
     <span class='ocr_line' id='line_1_119' title="bbox 770 3987 1287 4050; baseline 0.004 -14"><span class='ocrx_word' id='word_1_674' title='bbox 770 3989 808 4036; x_wconf 89' lang='lat' dir='ltr'>De</span> <span class='ocrx_word' id='word_1_675' title='bbox 819 3988 937 4036; x_wconf 84' lang='lat' dir='ltr'>simulata</span> <span class='ocrx_word' id='word_1_676' title='bbox 944 3987 1017 4050; x_wconf 89' lang='lat' dir='ltr'>plaga</span> <span class='ocrx_word' id='word_1_677' title='bbox 1024 3987 1181 4048; x_wconf 83' lang='lat' dir='ltr'>Antichristi,</span> <span class='ocrx_word' id='word_1_678' title='bbox 1194 3989 1222 4036; x_wconf 90' lang='lat' dir='ltr'>R.</span> <span class='ocrx_word' id='word_1_679' title='bbox 1231 3990 1287 4038; x_wconf 87' lang='grc'><strong>400.</strong></span> 
     </span>
     <span class='ocr_line' id='line_1_120' title="bbox 770 4052 1288 4114; baseline 0.002 -13"><span class='ocrx_word' id='word_1_680' title='bbox 770 4053 919 4101; x_wconf 86' lang='lat' dir='ltr'>Pontificem</span> <span class='ocrx_word' id='word_1_681' title='bbox 929 4052 1027 4100; x_wconf 88' lang='lat' dir='ltr'>adorari</span> <span class='ocrx_word' id='word_1_682' title='bbox 1037 4056 1118 4114; x_wconf 89' lang='lat' dir='ltr'>negat,</span> <span class='ocrx_word' id='word_1_683' title='bbox 1131 4052 1159 4100; x_wconf 90' lang='lat' dir='ltr'>R.</span> <span class='ocrx_word' id='word_1_684' title='bbox 1169 4055 1224 4113; x_wconf 88' lang='grc'><strong>400,</strong></span> <span class='ocrx_word' id='word_1_685' title='bbox 1233 4055 1288 4103; x_wconf 92' lang='grc'><strong>401.</strong></span> 
     </span>
     <span class='ocr_line' id='line_1_121' title="bbox 770 4117 1289 4181; baseline 0.002 -15"><span class='ocrx_word' id='word_1_686' title='bbox 770 4119 808 4166; x_wconf 87' lang='grc'>116</span> <span class='ocrx_word' id='word_1_687' title='bbox 819 4117 974 4181; x_wconf 90' lang='lat' dir='ltr'>professione</span> <span class='ocrx_word' id='word_1_688' title='bbox 983 4117 1130 4166; x_wconf 88' lang='lat' dir='ltr'>obedientiae</span> <span class='ocrx_word' id='word_1_689' title='bbox 1139 4133 1197 4180; x_wconf 88' lang='lat' dir='ltr'>erga</span> <span class='ocrx_word' id='word_1_690' title='bbox 1205 4119 1289 4167; x_wconf 91' lang='lat' dir='ltr'>Ponti·</span> 
     </span>
     <span class='ocr_line' id='line_1_122' title="bbox 770 4181 1288 4243; baseline 0.002 -13"><span class='ocrx_word' id='word_1_691' title='bbox 770 4184 850 4243; x_wconf 89' lang='grc'><strong>116661,</strong></span> <span class='ocrx_word' id='word_1_692' title='bbox 857 4184 886 4230; x_wconf 83' lang='grc'>11.</span> <span class='ocrx_word' id='word_1_693' title='bbox 895 4183 950 4230; x_wconf 87' lang='grc'><strong>403.</strong></span> <span class='ocrx_word' id='word_1_694' title='bbox 973 4181 1288 4243; x_wconf 85' lang='grc' dir='ltr'><strong>1166661616Α61161111611,</strong></span> 
     </span>
     <span class='ocr_line' id='line_1_123' title="bbox 771 4247 1289 4296; baseline 0 0"><span class='ocrx_word' id='word_1_695' title='bbox 771 4249 800 4296; x_wconf 93' lang='lat' dir='ltr'>R.</span> <span class='ocrx_word' id='word_1_696' title='bbox 810 4249 865 4296; x_wconf 86' lang='lat'>495.</span> <span class='ocrx_word' id='word_1_697' title='bbox 890 4247 1003 4295; x_wconf 90' lang='lat' dir='ltr'>Plurima</span> <span class='ocrx_word' id='word_1_698' title='bbox 1013 4247 1192 4296; x_wconf 87' lang='grc'><strong>661616611666</strong></span> <span class='ocrx_word' id='word_1_699' title='bbox 1203 4263 1289 4296; x_wconf 86' lang='lat' dir='ltr'>nume-</span> 
     </span>
     <span class='ocr_line' id='line_1_124' title="bbox 770 4312 1289 4375; baseline -0.002 -14"><span class='ocrx_word' id='word_1_700' title='bbox 770 4329 827 4361; x_wconf 91' lang='lat' dir='ltr'>rum</span> <span class='ocrx_word' id='word_1_701' title='bbox 840 4312 970 4361; x_wconf 89' lang='lat' dir='ltr'>reddentia</span> <span class='ocrx_word' id='word_1_702' title='bbox 978 4313 1082 4375; x_wconf 89' lang='lat' dir='ltr'>profert,</span> <span class='ocrx_word' id='word_1_703' title='bbox 1092 4313 1120 4360; x_wconf 89' lang='lat' dir='ltr'>R.</span> <span class='ocrx_word' id='word_1_704' title='bbox 1130 4314 1184 4360; x_wconf 89' lang='lat'>496.</span> <span class='ocrx_word' id='word_1_705' title='bbox 1218 4313 1289 4360; x_wconf 87' lang='lat' dir='ltr'>Anti-</span> 
     </span>
     <span class='ocr_line' id='line_1_125' title="bbox 771 4378 1288 4440; baseline -0.004 -14"><span class='ocrx_word' id='word_1_706' title='bbox 771 4378 894 4426; x_wconf 86' lang='lat' dir='ltr'>christum</span> <span class='ocrx_word' id='word_1_707' title='bbox 916 4378 1037 4425; x_wconf 84' lang='lat' dir='ltr'>Bonifacii</span> <span class='ocrx_word' id='word_1_708' title='bbox 1064 4382 1179 4440; x_wconf 87' lang='lat' dir='ltr'>tempore</span> <span class='ocrx_word' id='word_1_709' title='bbox 1202 4382 1288 4425; x_wconf 88' lang='lat' dir='ltr'>ortum</span> 
     </span>
     <span class='ocr_line' id='line_1_126' title="bbox 771 4442 1288 4506; baseline -0.004 -16"><span class='ocrx_word' id='word_1_710' title='bbox 771 4448 851 4506; x_wconf 85' lang='lat' dir='ltr'>negat,</span> <span class='ocrx_word' id='word_1_711' title='bbox 867 4444 896 4491; x_wconf 89' lang='lat' dir='ltr'>R.</span> <span class='ocrx_word' id='word_1_712' title='bbox 910 4443 964 4501; x_wconf 90' lang='grc'><strong>406,</strong></span> <span class='ocrx_word' id='word_1_713' title='bbox 978 4443 1032 4494; x_wconf 90' lang='grc'><strong>407.</strong></span> <span class='ocrx_word' id='word_1_714' title='bbox 1067 4443 1115 4490; x_wconf 91' lang='lat' dir='ltr'>Per</span> <span class='ocrx_word' id='word_1_715' title='bbox 1130 4442 1288 4490; x_wconf 84' lang='lat' dir='ltr'>meretricem</span> 
     </span>
    </p>
   </div>
   <div class='ocr_carea' id='block_1_10' title="bbox 0 0 1495 4914">
    <p class='ocr_par' dir='ltr' id='par_1_15' title="bbox 0 0 1495 4914">
     <span class='ocr_line' id='line_1_127' title="bbox 0 0 1495 4914; baseline 0 0"><span class='ocrx_word' id='word_1_716' title='bbox 0 0 1495 4914; x_wconf 95' lang='lat' dir='ltr'> </span> 
     </span>
    </p>
   </div>
  </div>
 </body>
</html>
