2970 4914
458 278 494 324 1n
517 277 641 325 srnono
663 277 878 340 ruounounr,
894 278 962 326 uro.
1219 265 1263 347 33

161 415 347 496 loquimur:)
373 414 481 495 quibus
499 415 618 477 scilieet
637 416 827 496 uryumentis
848 416 1000 493 intendat,
1021 415 1069 497 (id
1086 417 1143 498 est)
1161 421 1264 479 otten-

162 523 227 578 tnrn
245 518 345 598 neonis
366 517 575 598 intentumque
596 518 710 580 reddat
731 519 902 600 Apostolus
923 519 1148 582 Attentionem
1170 521 1261 583 torn¹

165 621 239 683 Tria
254 641 325 682 nero
343 629 425 684 sunt.
473 622 528 703 (1.)
556 623 707 700 Primum,
723 643 743 684 o
757 623 890 685 Munere
904 624 990 704 irrso;
1014 623 1115 686 Positi
1129 623 1206 686 estis
1221 623 1262 686 ad

160 723 364 805 pascendum.

207 828 262 908 (2.)
288 827 471 906 Secundum,
490 848 510 889 o
525 827 670 889 Muneris
695 827 858 908 Sudieeto:
881 848 976 910 supra
998 827 1173 891 Ecclesiam
1200 827 1262 892 Dei

160 929 266 1012 positi,
283 950 379 1011 quam
393 930 520 1012 proprio
535 929 690 1012 sanguine
706 930 881 1013 aequisivit.

206 1034 262 1115 (3.)
291 1034 437 1111 Tertium,
461 1053 481 1094 u
504 1034 649 1096 Muneris
671 1034 832 1098 Auctore:
848 1034 950 1098 Positi
972 1041 1074 1097 nutem
1095 1056 1116 1096 o
1139 1035 1262 1117 Spiritu

163 1138 293 1200 Sancto,

205 1241 248 1302 In
263 1260 326 1321 quo
340 1260 395 1301 vos
414 1239 521 1322 posuit
538 1239 676 1321 Spiritus
692 1240 829 1302 Sanetus
850 1261 977 1322 pascere
997 1240 1174 1304 Ecclesiam
1189 1240 1262 1318 Dei,

162 1365 258 1424 quam
273 1343 401 1426 proprio
416 1342 571 1424 sanguine
586 1335 777 1424 aequisivit.'

207 1447 280 1518 Qun
295 1467 349 1528 eqo
362 1447 434 1508 dum
445 1447 491 1508 sie
505 1446 629 1528 sinqulo
643 1447 835 1527 compteotor,
847 1452 882 1508 ut
898 1466 985 1527 quern
1000 1445 1147 1526 adfinem
1158 1467 1178 1507 u
1193 1447 1263 1509 Deo

162 1549 335 1610 destinatus
350 1554 396 1610 est
410 1548 513 1628 Irrsius
537 1548 658 1625 Sermo,
675 1568 743 1609 eune
763 1549 797 1610 in
819 1549 906 1610 nobis
913 1547 1011 1628 finem
1032 1549 1185 1612 sortiatur
1206 1551 1264 1611 noc

162 1656 305 1732 tempore,
322 1657 446 1731 totaque
457 1652 522 1712 nne
536 1650 619 1712 notio
634 1655 743 1712 nostro
758 1669 826 1713 euru
833 1649 946 1730 finetu
959 1636 1013 1728 sit,
1027 1651 1190 1712 invitemus
1204 1652 1264 1713 due

124 1792 128 1799 ν
162 1753 294 1819 Numen
310 1753 456 1834 precibus
478 1754 594 1815 nostris
611 1753 744 1834 (Patres,
760 1760 793 1815 et
813 1753 939 1817 Fratres
960 1754 995 1815 in
1010 1753 1139 1816 Christo
1162 1754 1262 1816 Breve-

160 1856 284 1938 rendiz)
317 1877 374 1936 quo
405 1857 496 1921 detur
528 1857 605 1919 ruini
632 1877 732 1919 serino
761 1857 795 1918 in
825 1857 984 1936 apertione
1020 1858 1094 1934 oris,
1125 1858 1263 1938 quodque

161 1959 282 2021 utiliter
298 1959 480 2021 meditatum
501 1964 548 2020 est
570 1979 624 2021 eor
645 1944 752 2036 meum,
762 1959 919 2038 perducat
939 1959 974 2021 in
996 1959 1133 2040 linquam
1154 1979 1261 2036 menni,

161 2062 232 2124 inde
247 2063 281 2124 in
296 2082 387 2124 aures
401 2067 530 2139 uestros,
541 2063 614 2124 inde
628 2062 662 2124 in
677 2063 901 2139 cordavestra,
917 2063 990 2124 iude
1003 2063 1038 2124 in
1051 2063 1156 2124 studio
1171 2069 1263 2143 atque

161 2165 195 2226 in
208 2184 309 2226 rueres
322 2170 449 2241 vestroe,
466 2165 510 2226 ud
525 2165 584 2226 Sui
597 2165 742 2228 Nominis
758 2165 902 2248 utorium,
918 2172 1115 2246 nostramque
1130 2167 1263 2228 omniurn

161 2268 291 2329 satutem
305 2267 531 2347 sempiternum,
548 2273 605 2330 eto.
774 2270 777 2276 '

550 2477 836 2486 ————.—.

180 2649 186 2668 .-
205 2609 233 2672 I.
249 2610 421 2688 Attendite,
435 2616 491 2672 etc.
515 2610 663 2672 Attentos
673 2629 732 2672 nos
742 2608 846 2691 primo
854 2607 959 2671 reddit
970 2608 1073 2691 prima
1082 2607 1176 2671 Pauli
1184 2628 1243 2671 vox
1251 2635 1261 2686 3
1276 2618 1315 2669 De
1326 2618 1415 2668 Atten-

167 2712 252 2793 (eum
277 2712 462 2794 Augustino
488 2711 603 2793 dicam)
630 2712 694 2775 sive
721 2732 790 2790 non,
814 2711 879 2774 sive
905 2710 1007 2790 tubuk,
1031 2711 1095 2774 sive
1121 2687 1421 2789 tonttn1fi¹⁰¹¹⁶¹¹³⁵2

160 2815 332 2878 Attendite.
379 2812 531 2878 Attentos
553 2837 612 2878 nos
632 2816 787 2898 (inquam)
805 2814 920 2893 reddit,
937 2836 976 2878 eo
997 2815 1101 2897 magis
1117 2821 1261 2893 attentos,

162 2917 237 2999 quia
261 2938 371 2980 versus
396 2918 449 2980 vix
477 2940 562 2980 unus
591 2925 647 2980 aut
674 2919 754 2980 alter
778 2917 958 2995 intercedit,
987 2916 1066 2999 quin
1090 2917 1152 2980 hoo
1177 2917 1263 2979 idem

161 3019 278 3082 iterum
293 3020 481 3102 ingeminet,
497 3042 561 3083 ver.
573 3021 656 3084 xxxi.
670 3026 801 3102 propter
815 3021 898 3101 quod
910 3021 1047 3102 uinitute.
1078 3020 1119 3083 Id
1132 3020 1263 3102 perinde

162 3129 211 3184 est
226 3143 262 3184 ae
278 3122 305 3183 si
319 3122 454 3185 diceret:
480 3125 604 3186 Iterum
615 3145 670 3186 vos
684 3144 800 3186 moneo
816 3130 911 3204 atque
921 3123 1049 3200 iterum,
1062 3123 1263 3186 Provinciam

161 3231 297 3287 traetare
311 3246 367 3288 vos
387 3226 519 3307 spissam
538 3234 633 3307 atque
653 3226 795 3304 arduam,
812 3225 1025 3303 Provinciam,
1040 3246 1111 3306 quae
1127 3231 1264 3288 attentos.

163 3349 262 3406 aures,
280 3350 351 3410 quae
365 3329 473 3410 diuites
487 3331 590 3391 oeulos
604 3329 745 3410 requirat
753 3356 763 3407 5
787 3334 924 3391 attentos
939 3341 1039 3405 aures,
1055 3327 1148 3410 proin
1164 3334 1264 3390 otten-

163 3431 246 3504 dite;
268 3432 376 3512 nunides
391 3433 502 3509 ocutos,
518 3439 646 3513 propter
660 3432 746 3513 quod
759 3433 895 3512 uiqilute.

205 3535 321 3615 Neque
349 3555 424 3596 vero
452 3541 572 3596 temere
604 3535 673 3596 haee
702 3534 893 3615 Apostolus;
921 3514 1115 3613 (nonenim
1144 3539 1264 3595 temere
1369 3603 1374 3611 Δ

164 3636 333 3717 quiequam
349 3643 404 3697 aut
423 3636 647 3718 intempestive
661 3636 710 3698 vir
728 3642 839 3697 tantus
849 3636 870 3715 ε)
896 3634 1039 3711 Viderat,
1056 3634 1265 3714 proculdubio
1371 3640 1374 3647 '

162 3739 284 3801 viderat
299 3739 416 3801 alieubi
431 3739 466 3801 in
482 3740 607 3820 Synodo
625 3739 773 3802 remissas
793 3737 1003 3819 quorundam,
1022 3757 1145 3813 manus,
1162 3737 1266 3798 soluta

166 3850 292 3923 genuam
300 3867 310 3918 3
334 3841 468 3903 Viderat
483 3841 655 3903 nonnullos
664 3841 699 3902 in
708 3841 796 3918 Asia,
807 3861 944 3922 quorum
958 3859 1017 3900 nos
1032 3838 1086 3900 hie
1100 3837 1135 3900 in
1147 3838 1266 3920 Anglia

163 3963 229 4004 non
243 3963 360 4024 paucos
373 3941 527 4019 videmus,
538 3942 579 4004 ad
590 3943 713 4004 Munus
724 3964 818 4004 suum
829 3942 879 4004 vel
893 3961 960 4003 non
970 3939 1047 4001 satis
1063 3940 1264 4017 attendentes,

195 4092 206 4123 ¹¹
223 4092 252 4156 [⁴⁶
260 4092 331 4141 Tubu
339 4093 424 4154 itaque
432 4093 603 4155 peecatoribus
611 4107 692 4142 neoes
735 4092 853 4142 cundiam
872 4095 955 4140 servat
972 4091 1001 4139 in
1016 4090 1097 4150 eorde,
1114 4094 1141 4139 et
1157 4091 1204 4140 snb
1220 4091 1266 4139 toli

163 4158 228 4206 suria
239 4160 284 4216 est,
296 4171 352 4218 quoe
364 4157 507 4205 nonsolum
522 4171 594 4206 aures
605 4172 691 4206 eorum
735 4156 847 4205 tonitruo
869 4170 915 4204 nee
940 4159 1055 4214 terretur,
1076 4169 1122 4204 nee
1142 4156 1266 4218 expergis-

164 4224 286 4283 penetret‚
306 4220 350 4270 sed
369 4224 395 4269 et
417 4220 492 4269 cordo
510 4222 692 4270 concutiat.”-
735 4220 809 4278 citur,
835 4219 963 4268 dormiens
989 4218 1266 4280 est.”—-Pseudo-Aug.

165 4285 337 4346 PseudoAng.
349 4283 461 4346 (fortasse
479 4284 569 4334 Caesar.
585 4284 690 4345 Arelat.)
737 4283 849 4346 (fortasse
871 4282 961 4332 Oeeser.
980 4283 1086 4344 Arelut.)
1109 4281 1188 4330 Serm.
1211 4297 1268 4349 exv,

165 4349 244 4398 Serm.
261 4363 339 4396 xxxv.
356 4352 368 4408 ᾗ
386 4351 407 4398 5.
425 4347 493 4410 apud
510 4348 534 4398 S.
552 4349 618 4410 Aug.
636 4349 692 4410 Op„
738 4349 780 4410 54.
793 4347 859 4409 apud
871 4346 896 4395 S.
906 4348 970 4408 Aug.
980 4346 1104 4410 Op.,tom.
1115 4362 1138 4394 v.
1151 4345 1267 4408 Append.

165 4417 226 4462 tom.
239 4428 262 4461 v.
275 4413 392 4474 Append.
404 4413 449 4460 eol.
460 4402 532 4462 2403.
544 4411 588 4474 Β.]
738 4412 785 4461 eol.
795 4412 866 4460 2644.
880 4410 920 4474 Β.]
1265 4472 1267 4476 ⁴

202 4475 479 4539 ¹[“Quicnnque·ergo
492 4477 579 4526 odium
595 4477 635 4525 vel
650 4476 696 4525 ira·
772 4484 788 4506 ¹⁰
807 4475 857 4539 [Es.
870 4490 944 4524 xxxv.
955 4477 978 4524 3.
1007 4472 1072 4521 Eeb.
1085 4475 1128 4522 xii.
1137 4471 1187 4535 la]
1264 4489 1267 4493 ·

208 4570 267 4606 Ant).
278 4571 317 4605 ΟΡ.
329 4571 412 4606 rosrfl.
988 4572 1010 4617 1)
