2970 4914
272 271 335 334 162
717 287 759 334 ou
781 286 920 346 cnemis,

270 436 352 522 leg0,
369 439 499 504 miseret
513 460 565 502 me
580 439 718 503 illorum.
764 441 858 503 Nihil
881 435 972 516 iiddo,
989 437 1051 500 nisi
1074 435 1159 519 quod
1181 434 1271 517 pueri
1295 453 1369 495 can-

211 609 216 617 ·
271 543 388 621 tlssant’
688 626 760 678 Felix
772 642 855 691 quem,
866 630 917 676 ito.t

317 796 510 860 Prudentius
526 798 629 860 multo
643 797 700 876 illi,
717 817 795 879 quos
809 796 905 860 modo
926 794 1142 868 nominabam,
1160 795 1271 856 Patres
1286 791 1371 854 istuc

272 901 307 962 in
323 920 367 976 se,
384 907 480 982 atque
502 901 537 962 in
559 921 618 963 nos
640 899 880 963 consuluenmt.
926 898 979 962 Ad
1002 918 1055 961 eos
1077 897 1179 959 venio.
1226 896 1370 976 Scriptu-

271 1025 380 1066 rarum
405 1003 467 1067 hoc
493 1004 569 1066 sutis
592 1010 659 1066 est:
683 1004 727 1066 Et
741 1024 837 1066 nemo
851 1009 993 1066 vestrum
1014 1008 1062 1064 est
1082 1001 1142 1082 (uti
1165 1000 1267 1081 spero)
1290 998 1369 1080 quin

248 1184 250 1188 Α
272 1103 423 1169 Ecclesiae
445 1106 545 1169 totius
561 1108 684 1187 pronin
705 1127 763 1188 pro
787 1111 966 1188 urpumento
989 1125 1056 1167 non
1070 1103 1191 1166 invitus
1207 1101 1368 1165 admittat.

273 1208 388 1273 Obiter
415 1209 504 1272 illam
528 1216 604 1272 unte
628 1209 739 1291 attigi:
769 1230 857 1272 nuuc
881 1230 919 1271 eo
942 1215 1031 1270 totus
1055 1205 1215 1269 incumbo.
1264 1205 1371 1267 Totins

276 1309 434 1395 (inquam)
448 1311 617 1374 Ecclesiae:
641 1333 708 1375 non
730 1319 821 1375 muto
844 1311 1034 1394 quicquam3
1060 1308 1221 1374 Africanae
1243 1308 1348 1390 primo
1360 1331 1368 1382 3

272 1435 330 1498 pro
345 1436 382 1478 ec
394 1415 501 1479 Decus
511 1415 628 1478 Airicae
642 1415 728 1479 dicet
743 1415 955 1498 Augustinus,
974 1417 1075 1478 Serm.
1087 1414 1183 1476 ccxix.
1198 1411 1237 1474 dc
1246 1413 1369 1493 Temp,

273 1517 328 1601 qui
350 1523 438 1580 totus
454 1525 502 1580 est
520 1538 558 1581 ex
582 1512 723 1600 professo
747 1518 786 1581 de
804 1518 971 1581 reddendis
986 1518 1121 1580 decimis.
1169 1515 1222 1578 Sic
1237 1514 1368 1578 orditur.

272 1620 416 1702 Propitio
434 1621 718 1698 trentenaires
740 1622 921 1699 Christiani,
935 1622 1008 1702 jone
1023 1641 1124 1702 prope
1146 1625 1218 1682 enni
1238 1619 1313 1696 dies,
1338 1619 1370 1680 in

273 1724 382 1804 quibes
403 1743 515 1786 messes
535 1725 679 1806 colliqere
699 1723 908 1808 dede[o]rnns,
932 1731 962 1787 et
984 1725 1053 1786 ideo
1069 1724 1194 1805 oratioe
1208 1723 1371 1784 reddentes

272 1826 339 1890 Deo
355 1827 408 1908 qni
423 1826 518 1904 dedit,
541 1827 579 1889 de
599 1827 773 1909 offerendis,
795 1829 856 1890 imo
875 1829 913 1890 de
929 1828 1096 1890 reddendis
1117 1827 1243 1888 decimis
1258 1827 1371 1907 cupite-

272 1939 382 1991 rnosu:
412 1929 466 2011 (Et
488 1929 583 2011 paulo
601 1937 674 2012 post
685 1931 705 2012 ε)
734 1931 870 1992 Decime
890 1932 980 2008 enirn,
1004 1952 1043 1993 err
1064 1930 1164 1992 debito
1187 1927 1369 2010 offeruntur,

278 2031 507 2114 [enqnirnntnr.
518 2031 613 2115 Ben]
631 2039 661 2095 et
676 2034 729 2114 qui
741 2053 793 2095 ecs
806 2033 882 2095 dore
897 2035 1103 2112 noluerit„res
1117 2033 1236 2094 alienus
1250 2032 1372 2094 invadit

278 2132 415 2217 [incasit.
431 2133 552 2217 Beni}

317 2217 395 2300 Uno
421 2243 453 2300 et
471 2240 594 2319 pronin
609 2237 1055 2317 decimumnonum
1077 2238 1116 2301 de
1138 2261 1172 2302 re
1197 2239 1372 2302 sententias

272 2339 461 2423 percipietis.
495 2340 645 2404 Ecclesiae
656 2341 796 2404 Italicae:
813 2362 870 2424 pro
882 2363 920 2405 eu
934 2362 1008 2404 vero
1019 2341 1169 2424 loquatur
1178 2331 1369 2405 Ambrosius

273 2441 524 2505 Mediolanensis
535 2435 722 2526 Episcopus,
737 2443 839 2506 Serm.
850 2442 890 2505 dc
901 2441 1180 2524 Quadragesimaw,
1194 2442 1242 2524 (ut
1255 2443 1373 2505 citatur

273 2545 485 2608 Decrctorum
510 2545 607 2608 Parte
622 2545 670 2608 ΙΙ.
696 2546 791 2609 Ceus.
807 2545 868 2608 xvi.
894 2545 1050 2628 Q[uaest.]
1070 2545 1103 2607 ii.
1120 2544 1184 2626 vii.)
1237 2545 1371 2618 Quicun-

273 2668 330 2730 qne
344 2649 555 2730 recopnooen't
568 2649 603 2711 in
616 2668 658 2726 se,
675 2648 759 2729 qnod
771 2645 913 2728 fideliter
927 2669 987 2710 non
1003 2647 1122 2710 dederit
1138 2648 1273 2710 decimos
1287 2669 1371 2723 uros,

272 2751 362 2814 modo
373 2751 511 2813 emendet
526 2750 608 2832 qnod
621 2751 722 2813 minus
729 2749 822 2831 fecit.
860 2751 945 2824 Quid
957 2755 1002 2813 eet
1018 2756 1119 2812 autern
1126 2743 1268 2832 fideliter
1283 2751 1370 2826 dore,

272 2855 335 2916 nisi
349 2860 384 2916 nt
398 2874 453 2916 nec
466 2854 559 2935 pejus
573 2874 628 2916 nec
645 2854 746 2916 ninus
764 2854 931 2935 aliqnando
955 2852 1088 2934 offerant
1104 2854 1141 2915 de
1159 2874 1270 2935 pruno,
1286 2855 1368 2930 cino,

267 2955 437 3036 fructibus,
462 2955 637 3036 pecoribus,
667 2957 767 3034 horto,
796 2957 927 3038 nepotio,
958 2956 1172 3019 cenatione¹i
1209 2956 1371 3037 Numqui

275 3059 342 3120 Deo
372 3078 433 3121 non
457 3059 523 3120 cult
552 3058 681 3120 reddere
711 3058 855 3136 decimos,
883 3079 960 3139 qnos
987 3059 1094 3136 tenuit,
1119 3065 1150 3121 et
1173 3060 1372 3122 domininon

275 3160 378 3223 studet
403 3159 533 3222 reddere
555 3161 637 3241 qnod
657 3160 771 3242 injuste
796 3160 934 3238 obstulit,
950 3181 1012 3224 non
1035 3163 1121 3224 tirnet
1144 3162 1245 3224 adlice
1260 3162 1369 3239 Deum,

308 3309 317 3340 ι
350 3312 416 3362 Vide
427 3327 509 3376 supro,
520 3327 544 3376 p.
557 3312 610 3377 17.]
849 3315 989 3364 reservavit.
1025 3313 1083 3362 'l'ibi
1094 3312 1165 3362 dedit
1176 3328 1265 3363 novem
1282 3319 1373 3377 portes,

308 3381 320 3405 ¹¹
353 3377 572 3440 Pseudo-August.
585 3380 696 3442 (fortusse
716 3376 805 3427 (inser.
849 3379 898 3427 sibi
911 3393 968 3428 vero
978 3378 1113 3428 reservavit
1124 3378 1248 3427 decimum
1259 3383 1371 3442 partem

278 3443 384 3504 Arctet.)
397 3441 475 3492 Semi
490 3442 606 3492 cclxxvii.
624 3442 665 3505 (ul.
675 3445 755 3491 ccxix.
775 3442 806 3492 de
849 3447 875 3492 et
895 3443 917 3492 si
935 3447 963 3492 tu
979 3458 1031 3492 nou
1053 3442 1151 3492 dederis
1173 3442 1226 3492 Deo
1248 3443 1373 3492 decimam

277 3507 364 3570 Temp.
380 3507 404 3556 S.
413 3507 478 3570 Aug.
491 3507 546 3571 Op,
563 3511 624 3557 tom.
644 3521 666 3555 v.
688 3506 805 3571 Append.
849 3512 955 3620 purtem,
962 3508 1030 3583 Deus
1041 3508 1113 3556 tollet
1124 3522 1139 3556 a
1150 3511 1175 3583 te
1182 3522 1272 3582 novem
1283 3512 1372 3570 partes.

278 3573 324 3622 ool.
337 3575 408 3622 3089.
418 3571 459 3635 0.]
863 3578 914 3621 tem
924 3588 945 3621 ιι
957 3587 1013 3634 quis
1024 3575 1177 3633 recognoscit
1185 3587 1213 3620 ιιι
1224 3587 1257 3629 se,
1267 3572 1332 3634 quod
1341 3573 1373 3622 eb

311 3645 321 3667 ¹
338 3637 414 3701 [ibid.
426 3636 472 3686 col.
487 3637 557 3686 3091.
567 3636 609 3700 D.]
848 3637 932 3699 aliquo
950 3636 1011 3685 tulit
1026 3636 1123 3698 aliquid
1139 3637 1241 3699 injuste,
1257 3637 1374 3686 emendet

311 3710 328 3732 '
345 3703 370 3766 [“
382 3702 529 3764 Quicunque
550 3702 705 3762 recognoscit
725 3701 754 3750 in
771 3715 805 3758 se,
848 3701 983 3761 reddendo,
1000 3701 1068 3763 quod
1090 3701 1183 3764 injuste
1204 3701 1271 3750 tulit.
1306 3701 1373 3751 Nam

280 3765 347 3828 quod
375 3766 475 3815 fidelem
499 3780 551 3815 nou
573 3765 652 3825 decet,
681 3765 806 3823 emendet,
849 3764 1374 3828 quinonvunoeoredderedeeimasquas

280 3829 346 3893 quod
357 3831 441 3880 miuus
451 3831 518 3889 fecit,
534 3831 556 3878 si
573 3829 682 3879 fideliter
697 3829 807 3880 decimas
849 3831 963 3888 retinuit,
968 3833 994 3880 et
1004 3829 1103 3878 homini
1110 3844 1162 3878 non
1169 3829 1254 3878 studet
1264 3829 1373 3890 reddere,

280 3909 332 3943 non
343 3894 447 3944 dederit.
481 3894 548 3952 Quid
564 3899 602 3943 est
617 3894 726 3943 fideliter
742 3894 806 3943 deci·
850 3893 916 3956 quod
927 3895 1020 3958 injuste
1031 3895 1062 3943 ab
1073 3908 1102 3943 co
1113 3894 1225 3954 abstulit,
1237 3909 1288 3947 non
1300 3896 1374 3944 timet

280 3972 334 4008 mus
341 3958 406 4017 dure,
419 3960 469 4008 uisi
480 3963 509 4007 ut
517 3973 564 4008 neo
574 3958 652 4021 pejus,
664 3973 709 4008 nec
720 3959 805 4007 minus
848 3958 930 4008 adhuc
941 3958 1031 4019 Deum,
1042 3962 1068 4007 et
1079 3959 1179 4020 ignoret
1196 3958 1257 4021 quid
1272 3960 1306 4008 sit
1316 3974 1374 4008 vere

279 4022 415 4084 aliquando
434 4023 487 4099 Deo
507 4023 595 4072 offeret
611 4026 655 4072 cut
674 4023 706 4073 de
727 4037 805 4100 grano
848 4023 1006 4135 poenitentia,
1049 4037 1156 4085 vereque
1199 4023 1374 4073 confessio.’'-

279 4087 561 4148 suo,cutdev1nosuo,
578 4091 622 4137 aut
636 4087 667 4136 dc
683 4088 806 4136 fruct1bus
870 4086 1055 4136 seud-Ambros.
1072 4087 1149 4136 Serm.
1162 4103 1221 4136 xxv.
1241 4087 1282 4152 (de
1294 4088 1374 4145 Quad-

279 4150 404 4210 crborum,
425 4155 470 4200 cut
495 4151 526 4201 de
548 4153 685 4215 pecoribus,
711 4157 755 4202 cut
774 4152 805 4200 de
848 4166 925 4212 reges
942 4152 988 4216 ιιι.)
1011 4156 1068 4200 sect.
1085 4153 1115 4211 2,
1135 4151 1202 4214 opud
1219 4153 1243 4202 S.
1256 4152 1372 4201 Ambros

279 4213 360 4275 horto,
371 4220 415 4264 cut
426 4215 457 4264 de
467 4217 584 4278 negotiis,
595 4220 639 4265 eut
655 4215 687 4265 de
699 4217 755 4279 ipsa
767 4230 805 4265 ve
849 4214 904 4278 Op,
915 4220 977 4265 tom.
988 4216 1016 4265 ιι.
1028 4216 1143 4279 Appeud.
1156 4217 1201 4265 coi.
1211 4217 1265 4266 425.
1280 4217 1308 4266 B.
1319 4216 1357 4280 0.]

278 4280 446 4329 notioncsuei
469 4279 805 4339 Quicdeomnisubstcntic,
881 4279 989 4343 ¹[Decr.
998 4296 1049 4344 pur.
1057 4282 1084 4329 ιι.
1092 4280 1163 4330 (icus.
1171 4281 1221 4330 xvi.
1230 4281 1373 4338 Quaesuvii.

278 4359 354 4408 quem
371 4343 439 4394 Deus
455 4345 555 4394 homini
579 4345 664 4404 donat,
680 4345 805 4396 decimam
848 4359 901 4407 cap.
912 4345 945 4395 iv.
959 4345 1135 4408 ‘Quicunque'
1157 4345 1231 4409 Gorp.
1243 4345 1260 4394 J
1262 4361 1297 4395 ur.
1314 4346 1374 4396 Oen.

277 4413 376 4522 portem
387 4409 436 4486 sibi
448 4409 556 4486 seruerit
563 4425 570 4469 ;
582 4414 608 4458 et
618 4409 676 4459 ideo
683 4424 736 4459 non
746 4410 806 4485 licet
848 4412 909 4458 tom.
922 4409 938 4458 i.
950 4411 1006 4459 coli.
1016 4412 1087 4460 1158.
1101 4409 1183 4473 usu]

296 4487 375 4523 οιιιιιιι
386 4477 493 4523 retinere
504 4473 576 4534 illud,
588 4473 655 4537 quod
670 4473 739 4524 Deus
754 4473 805 4523 sibi
