2970 4914
509 274 631 325 omum
653 272 799 336 uuousrr,
822 257 918 320 1606.
1220 257 1260 317 61

121 416 124 421 ⁶
163 435 241 498 Non
256 431 310 496 ulii
325 452 411 510 sane,
427 431 465 513 (si
481 433 592 495 Patres
606 429 757 495 audiendi
773 418 850 494 sunt
863 427 925 493 looi
940 427 1148 510 Interpretes)
1168 447 1264 509 quam

161 536 260 600 iidem
275 534 345 618 ipsi,
363 532 442 618 quos
454 534 515 598 ,bis
534 534 597 598 boo
619 533 758 613 Psalmo,
774 531 879 596 David
904 538 1013 594 noster
1027 529 1116 612 filios
1131 531 1264 593 alienor
1290 531 1295 542 ’

164 639 319 702 nominat.
367 636 455 706 Quos
470 639 510 702 D.
524 639 544 701 J
546 657 666 701 oannes
675 638 828 700 Lomutos
841 641 915 718 post
929 633 1010 697 vidit
1014 658 1024 710 ;
1047 634 1106 696 hos
1121 632 1177 696 diu
1189 639 1264 696 ante

165 742 269 806 David
277 740 366 823 filios
381 742 498 804 alienos
518 740 649 805 dixerat.
694 741 811 822 Neque
826 739 913 803 enim
928 737 1045 802 Davidi
1059 736 1171 821 ignota
1185 757 1264 820 gens

163 846 243 911 ista:
267 846 385 928 Neque
409 865 485 908 vero
510 844 603 908 nobis
627 843 757 927 ignota:
781 841 871 907 Parit
896 849 930 906 et
956 849 1033 905 uetus
1051 848 1163 904 nostra
1177 840 1265 922 filios

163 949 288 1011 aliems.
329 946 458 1009 Alienos
473 953 568 1011 certe.
609 947 721 1010 Genus
736 945 915 1024 hominum,
932 944 987 1028 qui
1002 965 1071 1008 sese
1084 941 1266 1026 indigetant

166 1051 206 1116 de
224 1046 378 1114 societate
391 1050 412 1111 J
414 1071 488 1113 esu:
513 1051 534 1113 J
536 1070 609 1113 esus
630 1057 740 1115 autem
761 1049 826 1134 (uti
843 1050 914 1133 jum
936 1048 1086 1131 diximus)
1105 1049 1264 1111 Servator.

166 1155 275 1221 Quure
297 1159 330 1216 et
349 1151 395 1231 hi,
411 1151 437 1215 si
457 1173 475 1224 e
497 1172 532 1216 re
550 1172 669 1228 nomeu
689 1150 819 1230 hubent,
846 1152 872 1216 si
891 1151 960 1237 filii
976 1151 1070 1214 alieni
1091 1171 1157 1214 non
1180 1156 1265 1229 sunt,

167 1257 304 1321 sulutem
327 1256 403 1319 dare
426 1254 603 1320 debebant:
626 1255 738 1338 Atqui,
755 1275 863 1318 nonne
879 1256 1012 1317 alienum
1033 1254 1104 1333 hoc,
1120 1260 1153 1317 et
1175 1253 1267 1337 quasi

167 1360 304 1425 monstri
326 1359 439 1438 simile,
455 1359 514 1423 hos
537 1359 592 1441 qui
614 1359 749 1423 de'Jesu
769 1360 937 1422 servatore
961 1357 1021 1422 sibi
1043 1377 1162 1421 nomen
1183 1355 1268 1420 fece-

167 1469 255 1543 runt,
278 1460 415 1545 pessime
438 1461 557 1541 audire,
581 1462 671 1546 quasi
693 1461 883 1526 Emissarios
899 1460 1068 1540 Abaddon,
1091 1459 1268 1543 proditores

169 1566 306 1647 Regum,
332 1563 510 1647 perditores
537 1565 734 1648 Regnorum,
758 1563 944 1647 ubicunque
966 1563 1080 1647 pedem
1103 1561 1267 1626 fixerunt?

168 1669 289 1730 Nonne
304 1666 339 1730 hi
354 1665 421 1748 filii
442 1689 515 1731 vere
537 1669 641 1746 aliem,
658 1668 713 1750 qui
733 1668 793 1732 sub
814 1669 913 1732 alieno
930 1668 950 1729 J
952 1689 1010 1731 esu
1023 1666 1175 1746 Nomine,
1192 1667 1268 1730 alie·

167 1771 327 1833 pissimum
341 1791 361 1832 o
377 1772 399 1834 J
400 1791 457 1834 esu
477 1778 595 1834 nature
613 1770 790 1856 negotium,
806 1791 921 1855 nempe
942 1762 1146 1854 perditiones,
1157 1768 1268 1852 'prodi-

167 1875 285 1953 tiones,
314 1874 486 1939 seditiones
511 1874 630 1959 ubique
655 1875 855 1940 moliuntur?
901 1875 950 1939 Ae
972 1880 1011 1939 ut
1037 1874 1117 1938 scias
1138 1895 1205 1937 esse
1229 1873 1269 1938 de

169 1977 281 2043 eadem
296 1978 451 2062 prosapia,
467 1977 600 2043 Davidis
620 1986 653 2043 et
673 1985 801 2043 nostros
823 1979 882 2042 bos
891 2003 901 2057 3
918 1975 1010 2043 'notae
1024 1997 1081 2061 per
1095 1971 1205 2040 omnia
1219 1999 1268 2041 re-

171 2081 347 2164 spondent:
370 2081 447 2146 mm·
461 2083 565 2160 alieni,
585 2081 641 2165 (ait
657 2080 772 2160 David,
788 2080 860 2146 Psa.
876 2080 962 2146 xviii.
979 2081 1045 2163 46)
1062 2080 1184 2143 mentiti
1197 2087 1270 2143 suut

169 2184 262 2246 miti:
286 2205 402 2268 nempe
416 2183 498 2247 illud
511 2184 608 2263 idem,
625 2185 711 2267 quod
724 2185 786 2248 hoo
801 2183 928 2249 Psalmo
942 2183 992 2248 bis
1007 2183 1094 2263 dicit,
1108 2184 1151 2246 Os
1166 2205 1269 2247 eorum

171 2286 307 2367 loquitur
332 2278 556 2364 mendacium:¹
576 2282 705 2353 deutera
731 2308 844 2367 eorum,
865 2288 995 2350 demere
1011 2286 1111 2368 falsu.
1155 2288 1270 2351 Nostri

171 2387 258 2451 enim
276 2387 320 2466 bi,
344 2408 454 2452 nonne
478 2409 535 2472 per
557 2388 666 2452 omniu
690 2389 832 2454 similest
876 2382 1028 2468 Tantum,
1054 2388 1139 2472 quod
1163 2390 1268 2454 David

170 2491 295 2553 mentiri
307 2490 399 2569 dixit,
411 2490 445 2553 id
458 2478 506 2554 illi
517 2491 666 2573 aequiuo'ce
680 2491 889 2576 respondere:
913 2492 1047 2557 Diversa
1057 2513 1143 2570 voce,
1155 2513 1191 2556 re
1202 2514 1268 2556 nou

172 2592 304 2658 diversa.
349 2595 437 2658 Nam
456 2595 586 2657 deutera
604 2594 733 2678 quidem
758 2616 848 2678 aeque
862 2595 962 2678 falso.
1010 2596 1083 2660 Sive
1109 2596 1205 2675 enim,
1228 2596 1269 2660 ad

171 2697 297 2761 civilem
316 2698 423 2776 fidem,
440 2698 600 2760 deuterum
624 2697 701 2762 dent
710 2723 719 2775 3
744 2699 808 2762 sive
827 2698 867 2762 ad
889 2699 987 2762 fidem
1006 2700 1183 2783 juramenti
1197 2700 1271 2764 reli-

172 2802 267 2885 gione
283 2802 483 2881 firmandam,
500 2800 547 2880 eu,
563 2809 764 2866 sacrosancto
779 2810 933 2887 tangunt:
956 2803 1127 2887 utrobique
1143 2805 1273 2868 deutero

169 2903 215 2966 eis
235 2904 325 2982 fulsa,
340 2911 372 2968 et
392 2901 525 2967 fallens:
550 2905 720 2988 utrobique
746 2898 892 2989 utreque,
916 2913 949 2970 et
974 2927 1017 2986 os,
1042 2912 1075 2970 et
1098 2907 1273 2986 demersus

171 3009 282 3071 mente
308 3006 421 3085 aliena,
437 3029 528 3071 mens
554 3007 659 3071 aliena
680 3030 700 3071 a
714 3000 802 3086 De03
827 3010 897 3073 Deo
920 3009 1048 3093 quidem
1069 3031 1161 3073 vero:
1185 3011 1274 3074 Nam

172 3131 191 3172 a
206 3110 277 3174 Deo
292 3110 452 3192 oequiuooe,
470 3111 540 3174 Deo
563 3111 684 3175 scilieet
702 3115 806 3177 seculi
827 3115 946 3196 dmm&
969 3114 1052 3179 forte
1074 3135 1140 3178 non
1155 3115 1271 3178 ‘alienu

172 3214 216 3276 Et
230 3213 348 3277 horum
367 3214 436 3296 jam
454 3214 532 3296 (sive
548 3215 682 3278 locustas
694 3215 798 3280 dicere
812 3216 921 3297 libeat,
937 3217 1002 3283 sive
1018 3217 1106 3299 filios
1121 3219 1238 3282 alienos
1248 3219 1271 3302 :)

173 3337 232 3400 ope
248 3321 346 3399 utque
361 3334 466 3399 opera,
482 3316 524 3385 ad
539 3318 691 3400 malignos
712 3319 808 3383 hosce
819 3321 944 3403 gladios
958 3321 1126 3400 acuendos,
1143 3323 1183 3385 ad
1198 3321 1273 3385 mis-

173 3418 275 3482 cenda
288 3415 403 3496 tonica,
416 3419 457 3481 ad
471 3416 634 3501 pulverem
651 3422 908 3486 succendendum
923 3424 1043 3488 utitur:
1069 3424 1193 3490 Quibus
1205 3426 1274 3488 Rex

174 3542 286 3584 eorum
310 3520 471 3585 Abaddon
502 3521 612 3585 sedulo
637 3523 673 3585 in
700 3525 859 3600 mandatis
885 3525 949 3604 dut,
978 3526 1157 3609 (emissariis
1183 3526 1271 3608 ruis)

176 3623 261 3706 quod
282 3623 360 3687 olim
386 3624 457 3687 Rex
481 3623 581 3707 Syriae
603 3623 737 3689 ducibus
759 3627 842 3689 suis:
867 3627 941 3690 Nom
959 3628 1142 3710 pugnabitis
1165 3634 1275 3690 contra

174 3726 518 3808 majorem'qoempiam,
535 3745 630 3808 meque
652 3733 761 3791 eontra
783 3729 939 3807 minorem,
955 3731 1151 3792 uiritantem
1166 3737 1276 3794 eontra

174 3827 316 3909 nepem.
363 3827 462 3890 Illum
483 3826 578 3906 ferro,
600 3828 740 3908 flamma,
760 3830 833 3908 sica,
856 3851 988 3908 veneno,
1013 3831 1151 3914 pulvere,
1175 3831 1275 3895 Illum

173 3930 267 4010 ferro,
283 3932 422 4010 flamma,
447 3931 520 4010 sica,
538 3953 671 4010 veneno,
688 3933 826 4015 pulvere,
846 3933 944 3995 Illum
967 3955 1157 4018 quoeunque
1178 3936 1275 4000 modo

174 4033 288 4112 tollite,
305 4032 477 4117 Nempe—

438 4180 528 4191 ·-
543 4154 611 4217 Rege
622 4155 751 4217 incolumi,
762 4170 833 4207 mens
842 4156 959 4206 omnibus
969 4171 1026 4217 unu,

371 4217 478 4278 Amisso,
489 4232 578 4282 rupere
589 4219 666 4268 fidem
673 4228 696 4268 ¹:

240 4383 251 4405 '
269 4375 321 4438 [Ps.
333 4374 419 4440 exliu]
431 4390 492 4426 vers
506 4378 578 4426 8.11.
781 4387 792 4418 7
809 4380 822 4427 1
836 4378 895 4442 Reg.
908 4381 971 4430 xxii.
984 4383 1022 4430 31.

243 4447 255 4471 ¹
273 4442 287 4488 2
299 4439 354 4489 Oor.
368 4439 400 4489 iv.
412 4442 434 4488 4.
781 4451 790 4473 ¹
807 4442 889 4507 [Virg.
902 4443 991 4509 Georg.
1002 4445 1035 4495 iv.
1047 4447 1102 4496 212.
1114 4447 1184 4510 mu]
