2970 4914
575 276 668 324 111111
689 277 844 324 nonum.
1117 345 1119 351 Ι
1198 266 1263 330 213

161 434 307 496 statusic
317 433 458 495 uuiverso
470 432 592 510 maudo,
610 433 654 515 [et
666 435 831 496 character
842 435 980 514 emporis
991 435 1126 518 Christi]
1133 483 1142 513 ,
1154 456 1262 500 secuu-

163 537 235 598 dum
251 537 456 599 successiones
470 534 705 616 Episcopmum,
722 536 831 617 quibus
842 536 891 598 illi
905 557 982 614 eam,
999 557 1065 618 qua
1079 539 1113 601 iu
1127 559 1262 622 uuoquo·

163 658 220 719 que
246 640 311 701 ioco
331 644 387 716 est,
413 637 590 700 Ecclesiam
616 637 835 701 tradiderunt.-
859 659 925 720 qua
944 641 1089 720 puueuit
1111 642 1265 724 usquead

161 751 250 802 aosP.

207 845 288 910 Quae
312 849 384 927 post
405 843 512 906 addidi
535 843 575 907 de
600 845 771 907 uocatiouis
790 842 920 908 nominc
942 864 1035 923 n0v0,
1060 845 1202 928 adeoque
1222 845 1262 910 111

163 947 341 1024 Pastorum,
370 945 538 1029 (quomodo
560 946 649 1009 vobis
669 947 705 1009 in
724 968 785 1010 usu
806 948 913 1031 sunt);
937 948 975 1009 cle
993 949 1174 1027 uocatiouis,
1194 970 1262 1013 non

162 1070 260 1131 negas
289 1049 473 1132 infrequens
503 1071 591 1128 esse,
624 1071 701 1112 usus
730 1050 848 1133 (credo)
876 1048 1049 1132 pectoris:
1071 1051 1151 1115 adeo
1173 1051 1261 1116 enim

162 1151 355 1234 infrequens,
376 1159 414 1215 ut
439 1153 534 1234 plane
556 1151 693 1215 nullum.
739 1152 875 1216 Vocatio
893 1153 1023 1236 quidem
1044 1175 1104 1236 pro
1128 1175 1262 1219 munere

100 1255 102 1259 ’
162 1254 326 1317 interdum
338 1282 348 1333 3
370 1277 429 1338 pro
455 1255 656 1318 ordinatione
680 1255 769 1330 haud
791 1277 944 1339 unquam.
1004 1256 1068 1319 Sed
1092 1277 1196 1340 neque
1222 1258 1262 1321 de

155 1363 330 1438 pastuum,
354 1357 519 1421 diffiteri:
542 1378 603 1421 nec
617 1357 706 1422 enim
718 1358 822 1422 ullum
837 1358 939 1438 affers,
955 1358 1006 1423 vel
1021 1380 1040 1422 1
1060 1359 1175 1442 priscis
1189 1360 1261 1439 illis,

161 1461 212 1524 vel
227 1461 267 1524 ab
282 1461 321 1524 iis
336 1461 391 1545 qui
405 1468 481 1525 ante
495 1482 554 1525 nos
569 1461 647 1540 nati,
664 1467 826 1543 pastorem
848 1461 982 1540 dictum,
998 1461 1053 1544 qui
1073 1461 1162 1525 idem
1182 1463 1261 1545 Epi-

162 1584 275 1646 scopus
296 1585 363 1627 11011
384 1564 491 1628 fuerit.
537 1565 677 1628 Tantum
691 1563 799 1628 nescio
814 1585 885 1648 quae
900 1564 1055 1647 congeris,
1077 1564 1133 1627 sed
1146 1572 1262 1648 practer

161 1687 230 1729 rem
244 1668 371 1731 omnia:
394 1667 558 1731 1111110111
579 1668 630 1731 his
651 1674 795 1732 mentem
815 1688 922 1730 meam
948 1673 1111 1730 assecutus
1124 1667 1261 1732 videare.

162 1770 251 1832 Nam
266 1770 343 1852 quid
359 1770 388 1832 si
402 1769 511 1834 omnia
525 1770 586 1834 tibi
601 1771 685 1848 dem,
701 1791 772 1854 quae
787 1769 902 1833 affers?
940 1764 1055 1853 crepes
1069 1776 1187 1833 uestros
1202 1791 1263 1834 uou

161 1889 226 1932 esse
239 1871 306 1932 siue
310 1877 441 1952 pastore
457 1872 517 1955 (uti
531 1872 621 1936 vobis
634 1872 728 1935 illum
742 1872 922 1955 indigetare
936 1865 1042 1935 visum
1055 1871 1113 1955 est)
1127 1896 1136 1948 3
1152 1879 1190 1934 ut
1204 1871 1261 1935 illa

161 1973 201 2036 de
217 1975 327 2053 Paulo,
343 1975 383 2038 de
398 1976 506 2053 Petro,
523 1976 563 2039 de
578 1976 758 2060 Prophetis,
774 1997 849 2040 vera
864 1975 929 2038 sint
949 1975 1077 2039 omnia:
1102 1975 1179 2058 quid
1193 1975 1262 2039 haec

161 2076 201 2138 ad
215 2079 292 2140 11111
317 2077 372 2160 qui
386 2077 421 2140 id
435 2079 485 2142 aio
499 2085 641 2157 tantum,
663 2078 708 2142 sic
720 2072 811 2161 loqui
826 2079 972 2156 Veteres,
988 2078 1264 2141 nomenclaturam

97 2252 100 2257 ¹
160 2179 249 2242 illam
272 2181 488 2264 Antiquitatis
514 2203 581 2246 non
607 2182 698 2246 esse?
743 2183 793 2246 Eo
819 2202 896 2264 crgo
921 2189 955 2245 11
977 2202 1102 2260 revoco,
1120 2182 1264 2265 utapud

162 2282 362 2346 Christianos
382 2284 527 2363 Veteres,
551 2285 636 2367 apud
661 2284 767 2367 priora
790 2285 915 2362 saecula,
942 2284 1113 2348 decorum
1136 2284 1264 2367 scriptis

160 2384 302 2464 edoceas,
328 2386 472 2450 adhiberi
493 2409 613 2450 nomen
630 2388 787 2463 Pastoris,
803 2386 860 2450 ubi
882 2386 921 2450 de
945 2386 1104 2469 Episcopo
1127 2406 1193 2449 non
1215 2387 1265 2451 lo·

160 2495 323 2569 quantur:
347 2489 491 2552 adhiberi
511 2490 559 2572 (ut
581 2511 600 2553 1
621 2489 721 2572 vobis)
746 2510 821 2552 cum
846 2489 885 2552 de
908 2489 1063 2553 Paroch0.
1107 2489 1181 2553 Hoc
1196 2511 1216 2553 a
1229 2497 1263 2554 11

161 2589 317 2672 impetra:
340 2591 423 2654 nihil
438 2591 525 2655 enim
541 2593 652 2674 egeria,
667 2592 703 2655 ni
714 2592 776 2656 hoc
792 2592 905 2674 egeris.

205 2693 289 2756 Vide
309 2699 427 2773 tamen,
449 2694 527 2777 quid
549 2695 675 2758 valeant
699 2716 770 2778 quae
790 2693 938 2758 attulisti.
982 2694 1071 2757 Nam
1085 2694 1204 2759 Paulus
1217 2695 1265 2759 ibi

162 2796 367 2878 Presbyteros
392 2819 520 2880 pascere
543 2819 610 2862 non
636 2797 732 2861 dicit:
760 2797 794 2860 id
828 2797 915 2875 dicit,
941 2798 976 2859 iu
1000 2817 1058 2878 quo
1085 2818 1140 2860 uos
1156 2799 1265 2879 posuit

162 2899 301 2985 Spiritus
312 2900 447 2964 Sanctus
457 2902 629 2983 Episcopos
635 2920 768 2982 pascere
777 2901 953 2963 Ecclesiam
961 2901 1023 2962 Dei
1031 2909 1052 2963 Γ.
1086 2901 1178 2964 Pauli
1189 2922 1265 2984 ergo

162 3003 280 3066 Pastor
293 3003 477 3086 Episcopus.
521 3005 565 3068 Et
580 3025 621 3068 ne
635 3003 788 3087 Episcopi
806 3025 926 3067 nomen
945 3003 991 3066 ibi
1011 3009 1104 3086 putes
1126 3004 1264 3087 appella-

161 3105 227 3168 tive
255 3107 342 3189 poni,
369 3129 437 3171 11011
465 3107 601 3190 proprie,
637 3105 739 3190 (quasi
767 3106 863 3185 dicas,
894 3127 1002 3168 curam
1028 3108 1192 3189 peremtas)
1224 3127 1266 3169 en

163 3208 224 3272 tibi
252 3212 351 3293 Syrus
372 3211 439 3293 ipse
464 3212 610 3274 Graecam
634 3231 744 3274 vocem
766 3211 895 3288 retinet,
921 3231 995 3274 cum
1016 3209 1136 3292 linguae
1155 3216 1266 3273 tamen

166 3312 254 3394 Syrae
267 3334 334 3375 non
349 3312 432 3375 desit
445 3333 516 3390 vox,
533 3334 603 3394 quae
618 3333 726 3375 curam
736 3318 880 3394 pereutes
894 3312 1060 3394 exprimat.

206 3413 295 3476 Petri
313 3435 388 3478 vero
411 3414 518 3476 etiam.
564 3415 687 3477 Locum
702 3414 789 3477 enim
805 3414 895 3477 Petri
913 3414 995 3476 mihi
1016 3413 1141 3475 dubium
1160 3414 1266 3476 estad

163 3515 329 3596 iuferiores
357 3516 563 3597 Presbyteros
579 3517 749 3597 pertimere.
793 3516 896 3579 Addit
925 3516 1011 3578 enim
1038 3516 1098 3598 (uti
1122 3516 1195 3598 scis)
1219 3516 1266 3578 ibi

163 3617 421 3698 ἐπισκοποῦντες,
445 3625 539 3682 utet
563 3618 618 3682 1Π1
647 3616 684 3682 rd
710 3618 900 3682 ἐπισκοπεῖν
923 3619 1098 3701 conjungat
1122 3639 1196 3681 cum
1219 3619 1266 3703 τῷ

162 3720 367 3804 ποιμαίνειν.
403 3723 525 3785 Vocem
541 3741 617 3784 sane
631 3742 699 3784 11011
713 3741 831 3785 moror.
864 3719 1019 3786 Quodibi
1034 3719 1187 3803 sequitur,
1204 3740 1266 3782 uou

164 3826 357 3889 domiuautes
371 3828 405 3889 iu
422 3827 531 3904 Cleris,
548 3824 665 3889 evincit
680 3825 774 3908 plane
790 3824 907 3908 quibus
924 3824 981 3887 illa
995 3822 1122 3905 scripsit
1136 3823 1263 3900 Petrus,

163 3929 256 4014 κῦρος
277 3929 427 3992 habuisse
443 3929 479 3991 in
494 3929 605 4006 Cleris,
621 3927 764 4011 alioquin
778 3924 1015 4012 κατακυριεύειν
1032 3925 1096 3988 τῶν
1118 3922 1265 4011 κλήρωνι

163 4030 198 4092 in
212 4031 284 4094 illos
299 4031 411 4094 cadere
426 4053 493 4094 non
506 4031 661 4115 potuisse.
694 4032 801 4096 Quare
817 4037 849 4094 et
862 4029 951 4093 Petri
966 4030 1079 4092 Pastor
1089 4028 1264 4112 Episcopus
1320 4037 1385 4101 198

196 4159 207 4189 1³
225 4149 263 4214 [S.
273 4149 337 4199 Iren
350 4154 437 4199 contra
448 4150 519 4200 Haer.
530 4151 574 4200 lib.
586 4152 619 4200 iv.
637 4165 691 4214 cap.
735 4152 779 4200 τοῦ
791 4146 904 4210 slopan]

164 4215 204 4264 33.
218 4221 229 4278 5
242 4218 264 4264 8.
288 4215 400 4264 Massuet
418 4215 458 4276 (al.
470 4230 521 4278 cap.
532 4216 581 4278 63.)
600 4215 655 4280 Op,
666 4230 691 4278 p.
767 4223 779 4254 ‘1
795 4212 987 4262 Extenuatione.

165 4278 220 4329 272.
238 4279 311 4328 Prior
321 4284 406 4328 autem
417 4279 492 4342 hujus
501 4280 628 4329 citationis
635 4295 693 4343 pars
769 4287 778 4311 ¹
795 4277 862 4343 [Act.
875 4278 963 4339 Apost.
977 4293 1019 4326 xx.
1032 4275 1082 4342 21]

164 4342 693 4404 11111111101111111111Γνῶσιιάληθής,
768 4351 776 4373 ⁵
807 4342 888 4392 lPet.
901 4357 924 4391 v.
937 4340 972 4405 2.]

165 4408 181 4464 ἡ
193 4412 240 4456 τῶν
251 4409 392 4458 ἀποστόλων
404 4409 496 4469 διδαχὴ,
507 4409 546 4457 rol
557 4409 586 4456 τὸ
596 4409 695 4470 010χαῖον
769 4411 777 4438 ¹
807 4406 871 4456 [bid.
883 4420 931 4455 ver.
944 4404 978 4469 3.]

143 4474 207 4530 ’τῆς
231 4473 358 4533 ἐκκλησίας
377 4472 489 4533 σύστημα
515 4471 578 4523 κατὰ
605 4473 695 4522 παντὸς
