2970 4914
427 289 629 339 rusonomcs
649 288 899 339 nuruumuruo.
1153 276 1216 342 107
1256 250 1259 255 ⁴

160 442 356 531 Κρινόμενον
371 443 441 529 jam
461 444 534 526 hoc,
549 445 615 510 sive
637 450 740 509 status
760 444 828 527 (seu
843 444 914 528 quis
930 445 1089 528 appellare
1110 445 1218 528 malit)

116 544 301 629 ἀντιλογίαι
324 546 425 633 πέρας
450 554 507 612 aut
533 555 583 612 est
609 568 649 611 ex
671 551 763 630 parte
788 547 849 611 Rei
873 547 1075 630 quaerendus,
1100 554 1219 611 autes

116 651 255 715 Actoris.
300 651 379 714 Non
404 671 444 714 ex
466 649 614 716 Actoris:
636 650 716 714 Non
738 656 846 732 potest
871 670 965 733 saepe,
988 650 1063 732 quia
1085 649 1114 712 is
1136 670 1220 733 saepe

116 753 225 818 nullus
233 779 243 832 ;
266 753 324 818 ubi
338 759 395 816 aut
409 753 537 818 indiciis
552 753 623 837 quis
631 752 666 816 in
677 753 732 836 jus
740 759 883 831 vocatur,
899 757 955 815 aut
966 752 1061 817 fama.
1085 754 1129 816 Et
1144 773 1219 816 cum

118 863 167 920 est
175 880 185 932 3
207 862 405 920 transversus
418 855 485 920 fere
495 856 639 939 rapitur:
663 855 728 920 sive
740 854 824 933 odio,
839 854 905 918 sive
921 855 1098 938 cupiditate
1113 855 1220 938 aliqua

118 959 248 1042 obliqua
261 958 418 1042 impulsus
439 964 498 1038 est,
514 959 582 1042 ipse
596 964 635 1022 ut
650 957 721 1022 siue
736 963 824 1021 statu
838 957 890 1035 sit,
907 964 945 1020 ut
959 957 1081 1022 frustra
1095 957 1135 1021 ab
1150 959 1220 1041 ipso

119 1068 240 1126 statum
256 1082 387 1145 quaeras.
433 1061 541 1128 Quare
557 1062 627 1125 Reo
646 1060 733 1124 facta
751 1061 823 1126 haeo
840 1059 954 1143 gratia,
970 1081 1027 1124 seu
1044 1061 1152 1144 potius
1167 1060 1221 1125 bio

118 1165 223 1229 honor
236 1164 366 1229 habitus
380 1169 439 1244 est,
458 1164 573 1248 (quiet
589 1184 714 1247 semper
727 1183 864 1247 persona
885 1169 934 1226 est
949 1168 1046 1242 certa,
1062 1184 1222 1247 quemque

118 1268 173 1331 lex
193 1288 260 1331 uon
282 1266 467 1331 convictum
492 1266 590 1331 habet
614 1287 674 1350 pro
694 1265 833 1348 insonte)
854 1271 892 1329 ut
913 1265 984 1349 ipse
1006 1265 1069 1330 sibi
1091 1287 1149 1330 sua
1169 1265 1221 1331 vel

120 1369 333 1434 affirmatione
353 1370 405 1434 vel
427 1369 600 1452 negatione
622 1374 743 1432 statum
764 1368 861 1451 figats
885 1369 1055 1433 Imovero
1076 1375 1115 1432 ut
1135 1368 1223 1432 illius

122 1473 189 1537 solo
203 1493 357 1556 responso
366 1471 468 1535 totius
483 1470 706 1536 controversiae
718 1477 820 1535 status
834 1472 909 1536 fiat:
932 1492 993 1535 nee
1008 1477 1112 1535 status
1126 1471 1223 1535 modo

122 1574 355 1654 controversiae,
382 1575 439 1639 sed
468 1575 545 1658 (nisi
569 1573 642 1638 falsi
663 1574 874 1638 convincatur
900 1574 959 1638 sub
982 1581 1066 1638 teste
1092 1573 1222 1658 duplici,

123 1677 212 1742 omui
226 1677 413 1762 exceptione
423 1678 548 1763 majori)
563 1676 786 1742 controversiae
800 1677 874 1740 finis
888 1697 1023 1760 quoqueb
1056 1677 1121 1742 Sed
1136 1677 1224 1741 enim

122 1802 165 1846 ne
179 1787 277 1860 statu,
292 1781 338 1844 sic
352 1802 372 1845 a
387 1802 422 1846 se
438 1781 590 1860 defixo,si
605 1781 728 1845 solutus
744 1787 777 1844 ct
791 1781 873 1846 liber
884 1786 946 1860 eat,
963 1780 1063 1844 statui
1077 1786 1151 1864 post
1166 1802 1224 1845 suo

109 1905 191 1949 ‘non
205 1890 279 1963 stet,
296 1884 352 1948 sed
365 1884 603 1968 tergiversetur,
616 1904 653 1948 ac
662 1883 793 1948 recedat
805 1882 846 1947 ab
860 1883 1029 1948 instituto:
1052 1883 1225 1948 adhibetur

124 1986 173 2050 illi
186 1987 360 2066 vinculum,
381 1992 461 2058 tvm
481 1989 572 2057 Ὃκ
588 1988 699 2050 anime
716 1987 872 2050 viaculum
891 1988 939 2070 (ut
955 1989 1045 2052 Deus
1060 1988 1091 2051 ei
1104 2009 1225 2054 nomeu

77 2079 79 2083 ἲ
124 2089 231 2174 reatu)
245 2089 395 2173 religiosa
408 2088 529 2153 scilicet
540 2089 719 2174 juramenti
733 2089 920 2169 affirmati03
936 2112 1000 2174 qua
1014 2112 1130 2174 nempe
1139 2091 1226 2154 illius

125 2191 242 2268 anima,
258 2191 349 2274 quasi
363 2191 536 2256 constricta
549 2191 687 2271 vinculo,
703 2192 883 2271 veritatem,
902 2193 980 2275 (uon
1003 2214 1075 2257 eam
1096 2193 1227 2276 quidem

126 2294 282 2380 absolute)
309 2295 368 2359 sed
392 2301 490 2378 prout
517 2295 621 2379 ipsam
647 2295 784 2376 sciverit,
815 2295 1034 2376 credideritve,
1061 2304 1170 2361 sancte
1193 2303 1227 2361 et

127 2397 249 2462 sincere
285 2404 416 2462 tenetur
454 2398 569 2481 eloqui,
610 2419 672 2463 neo
710 2405 823 2462 contra
860 2406 1004 2463 mentem
1043 2399 1091 2463 ire
1130 2399 1228 2484 (quod

127 2501 259 2565 mentiri
279 2500 428 2584 dicimus)
448 2501 515 2580 sed,
538 2501 631 2585 quasi
654 2522 728 2566 cum
750 2503 821 2566 Deo
844 2509 928 2585 agat,
943 2502 990 2566 ita
1013 2524 1087 2579 cum
1110 2503 1227 2586 magis·

126 2610 216 2667 tratu
237 2624 342 2687 agere,
365 2603 429 2667 Dei
452 2609 486 2667 et
507 2605 615 2668 locum
637 2609 779 2684 tenente,
801 2611 834 2669 et
856 2604 941 2668 vices
964 2612 1106 2688 gerente,
1123 2613 1155 2670 et
1173 2606 1228 2690 jus

127 2706 285 2790 exigente.

173 2809 301 2873 Israelis
315 2809 378 2874 hoc
391 2809 544 2873 instituto
558 2809 622 2873 niti
641 2816 674 2876 et
693 2809 804 2894 populi
819 2810 891 2889 Dei,
910 2811 959 2894 (ut
973 2831 1090 2894 nempe
1100 2811 1228 2895 juretur

128 2912 165 2975 in
179 2911 341 2995 respousa)
359 2911 511 2976 evincunt
522 2919 555 2976 et
569 2912 626 2977 illa
640 2912 779 2977 Micheas
793 2913 899 2996 praxis
912 2913 964 2996 (de
979 2934 1043 2996 qua
1057 2919 1132 2978 ante
1147 2913 1228 2977 mihi

129 3014 263 3098 mentio)
284 3021 317 3078 et
330 3035 406 3078 vero
426 3015 530 3078 multo
545 3015 652 3099 aptius
668 3015 769 3080 altera
789 3015 846 3079 illa
858 3016 894 3079 in
908 3016 1085 3099 quaestione
1101 3016 1140 3080 de
1155 3017 1228 3081 Elia

132 3122 149 3182 1
167 3119 247 3201 Reg.
262 3117 348 3181 xviii.
363 3121 414 3181 10.
446 3118 514 3182 Ubi
528 3139 603 3182 cum
618 3118 736 3184 diserte
745 3119 994 3202 respondissent,
1009 3141 1071 3183 aoa
1084 3126 1131 3183 est
1145 3120 1231 3202 apud

130 3241 196 3301 aec,
208 3242 275 3284 non
289 3241 327 3285 eo
339 3226 510 3290 contentus
523 3243 590 3302 rex,
607 3221 715 3306 adegit
730 3243 785 3286 eos
800 3222 933 3308 iusuper
945 3223 986 3286 ad
996 3225 1229 3308 jurameutum,

132 3323 217 3408 quod
230 3344 298 3388 non
312 3323 509 3388 invenissent
530 3346 623 3389 eum:
647 3325 738 3408 quasi
756 3325 847 3389 nulla
860 3327 912 3389 lex
927 3334 1064 3410 cogeret,
1079 3349 1231 3412 responso

132 3426 332 3511 acquiescere
350 3425 491 3490 hominis
512 3426 656 3511 injurati.
702 3428 810 3494 Quare
824 3435 863 3491 ut
878 3449 1007 3512 aequum
1022 3431 1155 3496 omnino
1170 3439 1231 3511 est,

133 3529 311 3613 constringi
322 3531 438 3608 Reum,
450 3550 493 3593 ne
507 3529 592 3594 elabi
606 3529 712 3594 denuo
726 3537 760 3594 et
775 3536 898 3594 statum
912 3539 1039 3617 mutare
1052 3534 1171 3617 possit,
1194 3542 1233 3598 ut

134 3632 271 3698 subinde
284 3633 367 3696 alius
383 3639 481 3715 atque
500 3631 591 3710 alius,
608 3637 706 3714 atque
719 3631 767 3695 ita
784 3632 915 3716 (revera)
932 3633 1042 3698 nullus
1057 3636 1099 3698 sit
1113 3636 1233 3700 consis-

132 3735 225 3800 tendi
245 3734 352 3800 locus:
375 3734 424 3798 ita
444 3733 624 3818 constringi
646 3754 715 3797 non
734 3741 791 3798 aut
813 3735 902 3799 nudo
923 3737 1086 3819 responso,
1108 3744 1164 3802 aut
1184 3738 1233 3821 (ut

134 3837 356 3920 aliis'videtur)
376 3837 522 3921 pecuniae
536 3837 669 3916 mulcta,
690 3836 817 3920 (animae
831 3838 901 3901 haec
915 3837 1044 3902 vincula
1060 3861 1127 3904 uon
1145 3847 1233 3920 suut,

135 3961 207 4024 quae
218 3940 286 4003 sola
298 3940 458 4024 interpres
472 3946 523 4004 est
532 3939 688 4023 veritatis)
701 3939 757 4004 sed
772 3940 851 4019 solo,
862 3961 948 4018 vero,
961 3947 994 4004 et
1008 3941 1104 4006 unico
1118 3943 1235 4007 animae

133 4043 272 4121 vinculo,
287 4042 323 4106 id
337 4048 397 4122 est,
409 4042 631 4126 jurejurando.
661 4043 772 4127 Atque
786 4043 832 4106 ita
848 4043 980 4108 demum
995 4045 1124 4110 cardine
1133 4047 1234 4111 totius

135 4167 239 4211 eausae
253 4146 299 4208 sic
313 4146 429 4230 (utpar
438 4147 498 4229 est)
510 4145 636 4230 posit03
652 4145 694 4209 ad
704 4145 785 4224 illas,
799 4168 877 4228 quas
887 4147 1035 4211 nominat
1046 4149 1232 4232 Apostolus,

136 4245 342 4327 βεβαιώσεις,
357 4247 508 4332 progredi
521 4248 582 4313 fas.
1149 4262 1151 4265 ’

180 4352 298 4433 Neque
322 4370 398 4414 vero
428 4349 527 4434 (quod
552 4350 709 4433 quosdam
735 4351 900 4417 criminari
924 4353 1031 4436 audio)
1062 4356 1169 4420 Reum
1191 4355 1237 4419 sic
1275 4435 1278 4442 ,

551 4475 564 4499 '¹
583 4467 623 4531 [N
624 4482 675 4518 um.
688 4468 811 4532 xxx.13.]
