2970 4914
450 248 512 298 rao
534 248 643 298 aaron
664 248 829 297 aocroms.
1150 232 1193 295 13

87 405 227 491 sperabo
246 404 325 486 dies,
349 406 459 491 quales
483 407 544 471 sub
571 406 762 470 Salomone:
787 404 847 468 Sin
873 410 999 481 autem,
1027 402 1092 468 Sed
1117 403 1193 469 nolo

75 509 168 593 ‚quid
181 508 308 573 tristius
323 509 469 574 ominari.
515 510 621 591 Pergo
636 507 677 571 ad
691 507 890 571 institutum.

130 612 273 676 Versum
287 633 349 696 ego
368 612 466 690 huna,
481 612 532 676 uti
555 612 624 696 ipse
646 633 681 675 se
703 611 808 691 findit,
830 611 961 675 induas
981 617 1090 694 partes
1111 610 1192 675 divi·

88 715 186 781 dam:
222 719 252 779 1.
267 716 416 781 Alteram
441 716 482 780 de
509 715 620 779 Sacris
642 737 710 779 non
733 715 941 779 domandis.-
974 718 1005 779 2.
1032 715 1083 779 De
1105 715 1193 778 Vatis

89 818 184 882 anxie
198 840 267 883 non
282 820 493 901 disquirendis
508 820 652 898 alteram,

133 922 280 986 Priorem
302 944 387 1001 vcro,
414 943 478 1006 quo
504 923 656 985 distincte
678 921 874 1005 progrediar,
898 922 962 985 tria
986 922 1022 984 in
1047 919 1194 984 membra

91 1025 256 1089 diducam.

133 1130 167 1192 l.
190 1129 273 1195 Quae
285 1128 342 1192 illa
357 1128 424 1192 sint
439 1149 510 1212 quae
527 1129 692 1193 Salomoni
708 1129 811 1192 Sacra
825 1127 996 1190 habentur.

134 1235 165 1296 2.
189 1232 256 1298 Qui
269 1233 318 1295 illi
333 1232 409 1311 sint,
426 1233 480 1316 qui
495 1254 534 1296 ea
549 1233 705 1295 devorent.

134 1336 167 1399 3.
190 1335 257 1401 Qui
271 1335 497 1415 devoraverint,
514 1357 569 1399 eos
584 1357 618 1399 se
633 1335 740 1419 gravis
756 1336 891 1399 Sceleris
906 1355 1002 1413 nexu,
1019 1333 1110 1417 quasi
1125 1340 1191 1397 tea-

95 1438 201 1503 dacto
216 1438 354 1521 quadam
365 1439 501 1502 irretire.

138 1613 192 1676 DE
206 1612 321 1697 primo.
368 1611 533 1693 Salomoni
545 1613 647 1676 Sacra
660 1618 720 1691 est,
736 1613 798 1676 hoa
814 1613 938 1695 Capite,
952 1634 990 1676 ea
1005 1613 1193 1676 Substantia
1206 1629 1244 1680 De
1255 1628 1338 1680 Saena

94 1737 179 1798 pars,
196 1738 260 1799 qua
277 1716 401 1799 (Capite
408 1716 470 1779 III.
487 1736 551 1779 aer.
563 1716 637 1798 IX.)
671 1718 778 1780 Deum
792 1716 833 1779 Se
847 1719 923 1779 velle
939 1717 1019 1779 dixit
1034 1716 1191 1779 hermari.
1205 1709 1256 1744 '¹⁰¹²
1267 1694 1342 1743 devo-

95 1819 167 1882 Nea
189 1818 276 1881 enim
297 1818 447 1898 Augusto
469 1817 529 1881 soli
550 1824 693 1901 potestas
710 1819 900 1884 describendi
919 1821 1050 1894 Orbis¹;
1074 1826 1106 1883 et
1122 1819 1193 1881 Deo

96 1943 222 2005 quoque
249 1921 415 2003 descriptio
442 1942 500 1983 sua
510 1947 520 1999 ;
542 1943 659 2005 nempe
683 1944 721 1986 ex
747 1923 842 2005 pleno
867 1923 941 2006 jure
964 1923 1000 1985 in
1023 1923 1193 1987 facultates

94 2032 231 2088 nostras.
278 2024 373 2091 Quod
384 2046 425 2088 ne
440 2024 492 2088 cui
503 2025 638 2088 dubium
652 2033 744 2100 esset,
763 2033 819 2088 aut
834 2025 1016 2104 obscurum,
1033 2025 1194 2110 duplicem

95 2127 155 2191 sub
169 2127 253 2210 Lepe
273 2134 426 2191 monetari
444 2128 517 2191 cudi
539 2129 660 2206 voluit,
698 2132 727 2192 1.
743 2130 890 2193 Alteram
905 2130 1067 2210 Principis
1085 2127 1195 2212 plodio

96 2239 129 2297 et
150 2233 279 2314 Sceptra
302 2254 504 2315 percussam:
529 2236 560 2296 2.
576 2234 733 2311 Alteram,
758 2232 896 2296 Aaronis
916 2233 1007 2314 airpa
1029 2239 1062 2296 et
1083 2239 1193 2295 araa⁸.

95 2336 210 2412 Exeo,
227 2336 372 2416 Priccspi
392 2356 514 2399 cerasum
537 2358 640 2415 suum,
669 2336 723 2418 qui
745 2357 804 2399 nos
827 2338 956 2415 Sceptra
980 2343 1092 2399 contra
1112 2336 1192 2412 lites,
1271 2345 1295 2405 8

93 2430 203 2519 plodio
229 2444 341 2500 contra
369 2439 472 2501 hostes
500 2434 700 2521 protegeret:
733 2438 783 2500 Ex
809 2438 870 2500 hoc
894 2438 1059 2503 Sacerdoti
1088 2457 1194 2512 suum,

97 2541 190 2624 cujus
213 2561 272 2603 nos
290 2562 386 2623 opera
401 2562 418 2604 e
434 2542 562 2605 succisis
586 2548 681 2624 atq'ue
704 2540 800 2602 aridis
821 2539 917 2622 lignis
937 2539 1044 2603 denuo
1065 2539 1196 2603 revivis-
1259 2597 1264 2605 .

97 2663 179 2722 cere,
195 2635 352 2707 redivivos
366 2665 480 2707 maara
496 2644 618 2733 coelesti
640 2643 728 2727 pasci
741 2643 842 2706 voluit
859 2643 900 2705 ad
914 2642 1014 2706 vitam
1029 2649 1195 2706 aeternam.

99 2748 284 2829 Utrumque
300 2747 397 2810 Pater
408 2747 516 2827 edixit,
532 2746 815 2832 utrumquelilius
828 2745 960 2830 pendit:
977 2746 1061 2811 Tum
1073 2747 1196 2828 Templa

98 2849 254 2912 columbas
276 2871 351 2913 raas
361 2877 372 2924 ;
397 2852 480 2915 Tum
505 2853 650 2935 Priaeipi
674 2851 858 2915 didrachma
885 2872 952 2915 sua.
998 2850 1092 2915 Prius
1115 2849 1199 2914 illud

97 2973 223 3017 sacram
237 2955 373 3036 reetipal
386 2961 445 3018 est.

143 3057 172 3119 Ι.
196 3056 270 3123 Qua
285 3057 324 3120 de
345 3078 380 3120 re
399 3057 425 3120 si
447 3058 543 3141 paulo
557 3058 661 3141 magis
681 3065 791 3122 exacte
806 3078 996 3142 cognoscere
1011 3057 1125 3137 velitis,
1153 3057 1198 3121 sic
1210 3069 1272 3146 Qua
1286 3068 1360 3119 Sacra

97 3158 226 3226 habete.
276 3160 416 3232 Quataor
435 3161 568 3225 omnino
587 3183 667 3240 esse,
693 3183 764 3245 quae
784 3161 820 3224 in
835 3164 945 3226 Sacris
959 3161 1079 3224 lateris
1096 3163 1198 3225 Socra
1210 3135 1336 3250 nemius.

98 3261 319 3349 perhibentur.

108 3366 111 3371 ’
145 3369 175 3431 l.
197 3367 226 3431 Ε
249 3366 364 3450 quibus
390 3366 471 3430 mihi
500 3368 639 3450 primum
664 3367 715 3446 sit,
743 3368 835 3450 cujus
862 3367 966 3454 gratia
988 3368 1052 3431 tria
1076 3367 1201 3450 reliqua

31 3547 36 3557 υ
100 3470 299 3534 sanctificata
319 3476 420 3553 sunta,
436 3472 604 3533 Primitiae
619 3469 690 3533 dico
708 3468 848 3552 Spiritus
859 3497 869 3547 ;
892 3472 1021 3554 Nempe
1037 3473 1200 3536 Sanctita·
1311 3462 1314 3467 ’

101 3580 162 3637 tem
176 3574 289 3657 ipsam,
307 3596 370 3658 qua
384 3574 527 3638 initiatos
543 3595 613 3637 esse
625 3580 761 3656 oportet,
779 3573 834 3656 qui
848 3573 883 3636 in
898 3576 1031 3637 Sacram
1047 3581 1079 3637 et
1095 3576 1198 3637 areles-

1205 1759 1297 1810 randis.

100 3685 161 3743 tem
170 3678 437 3762 Hierosolymamt
451 3676 690 3743 intromittendi
703 3683 789 3740 sunt.
827 3676 1020 3739 Eneomium
1032 3677 1094 3739 Dei
1106 3685 1155 3740 est
1163 3677 1200 3740 in

101 3805 155 3849 ore
170 3785 372 3866 Angelorum
390 3783 447 3866 (sic
461 3783 518 3862 illi,
535 3782 581 3845 sia
595 3803 654 3845 nos
674 3781 755 3863 Deo)
777 3781 921 3858 Sanetus,
939 3782 1082 3858 Serretes,
1099 3781 1199 3845 Sorac-

101 3896 151 3953 tos
163 3899 186 3953 ⁰.
232 3890 321 3954 Deus
336 3909 410 3953 vero
425 3888 519 3971 nobis
538 3887 584 3950 sic
599 3886 657 3950 sub
674 3888 779 3970 Lege3
806 3886 917 3950 Sancti
935 3889 1040 3962 estote,
1057 3886 1131 3967 qaia
1146 3906 1200 3968 epa

102 3993 268 4056 Soaatrs¹.
327 3990 394 4055 Sub
417 3989 611 4073 Evangelio:
642 3990 719 4052 Hac
743 3994 790 4052 est
814 3987 958 4061 patratas
982 3987 1054 4066 Dei,
1080 3989 1199 4052 soracti-

94 4094 206 4177 fiaatia
221 4101 355 4158 castrat.
395 4095 547 4159 Voluntas
561 4095 626 4156 liae
635 4093 708 4172 Dei,
720 4092 831 4155 eadem
842 4098 875 4155 et
886 4099 997 4155 nostra
1012 4113 1079 4156 esse
1095 4092 1200 4157 debet.

134 4224 144 4249 ¹
177 4213 236 4262 Luc.
248 4212 325 4276 ii.l.]
705 4208 928 4322 tssflebaiira]

134 4215 238 4343 ⁸{Vide
265 4276 336 4341 Casp.
360 4277 489 4327 Waserum
511 4276 543 4325 da
564 4275 626 4325 Ant.
703 4283 715 4304 ⁰
754 4274 857 4323 salassi.
870 4277 893 4324 3.

102 4343 197 4393 Numis
210 4341 289 4391 Hebr.
299 4342 345 4391 lib.
357 4343 384 4391 ii.
395 4357 467 4405 capp.
479 4341 512 4390 iv.
524 4356 548 4390 v.
560 4340 628 4403 apud
704 4346 715 4370 ¹
733 4338 813 4387 Lavit.
826 4353 868 4386 xx.
882 4340 904 4387 1.

103 4408 165 4457 crit.
182 4407 248 4457 Scor.
261 4410 322 4456 tom.
333 4422 356 4457 v.
370 4421 422 4472 par.
434 4406 471 4456 iii.
483 4405 539 4455 coll.
552 4407 591 4457 54.
603 4408 629 4456 st
705 4412 716 4444 1
734 4406 747 4453 1
758 4403 831 4453 Thes.
844 4403 876 4454 iv.
890 4407 913 4455 3.

34 4528 39 4537 ,
103 4468 143 4523 aa:
156 4474 238 4522 anst.
253 4470 334 4535 rosa]
