2970 4914
218 281 261 345 74
347 294 463 344 cosmo
484 293 601 343 mcum
623 293 752 357 umus,
775 292 896 357 smum
918 294 1065 359 sucusm,
1090 278 1188 346 1606:

262 449 314 513 De
327 449 392 512 illis
407 470 482 515 vero
497 449 553 534 qui
568 455 748 533 supersunt,
768 448 953 533 (supersunt
975 450 1072 530 enim,
1088 450 1172 514 male
1191 448 1314 534 metuo)

212 551 295 632 filiis
314 553 435 632 alienis,
461 553 538 636 quid
560 553 648 616 uliud
668 573 847 636 precemur,
872 575 968 636 quam
995 553 1080 636 quod
1096 553 1206 633 Cushi,
1231 554 1319 637 apud
1422 633 1424 636 Ι

220 655 378 719 Davidem
407 677 543 740 quoque,
574 662 607 720 et
637 677 711 720 eum
744 663 875 720 erutum
909 663 981 719 tum
1010 677 1136 740 quoque
1163 679 1183 721 a
1211 657 1318 740 gladio

98 761 141 826 67
212 757 288 838 filii,
313 765 346 823 et
373 758 431 838 sui,
455 767 488 822 et
513 759 609 822 alieni
631 759 805 824 Absalom:
828 759 954 839 Inimici
975 760 1104 822 Domini
1125 761 1185 824 mei
1210 761 1316 843 Repu,

218 867 249 925 et
264 864 434 944 omnesqui
449 869 635 945 coasurpuat
650 863 798 926 adversus
813 883 890 943 eum,
910 865 945 926 ic
959 866 1083 943 maiam,
1100 864 1215 946 fiunem
1235 867 1318 928 eiecit

210 965 336 1046 fratres
363 967 422 1044 ilii,
444 963 570 1047 fratres
598 967 632 1029 ia
660 968 752 1045 malo,
771 964 896 1047 fratrea
918 969 1058 1049 mclipai.
1105 969 1161 1031 Sic
1183 974 1318 1050 pereant

218 1069 337 1132 inimici
361 1070 418 1147 tui,
441 1069 571 1152 (inimici
596 1069 688 1133 Uncti
711 1069 769 1152 tui)
798 1071 951 1132 Domine:
992 1071 1052 1143 Qui
1081 1090 1153 1134 vcro
1182 1072 1233 1150 Te,
1264 1073 1319 1153 qui

218 1172 306 1235 illum
333 1173 476 1254 diiipuct,
503 1171 589 1253 fluct
613 1175 694 1235 sicut
719 1172 865 1236 Sulcum
891 1173 993 1236 ociter
1021 1174 1056 1236 in
1080 1175 1196 1237 virtute
1224 1184 1317 1239 suan.

219 1275 293 1340 Quo
319 1274 363 1338 sic
388 1296 457 1354 nos,
482 1275 528 1338 sic
553 1296 663 1339 semen
689 1282 845 1354 nostrum,
874 1276 929 1359 qui
953 1275 1012 1339 sub
1036 1277 1185 1360 auspiciis
1212 1278 1318 1361 Regni

217 1379 312 1442 Illius
335 1385 408 1443 octo
431 1379 503 1442 illas
524 1379 570 1462 (in
590 1379 720 1442 Psalmo
742 1380 815 1463 hoc)
832 1386 977 1443 terrenas
999 1379 1223 1460 beatitudines,
1244 1388 1317 1446 octo

216 1481 387 1546 felicitates
414 1483 532 1562 saeculi,
557 1483 747 1566 consequuti
777 1504 897 1563 sumus,
920 1483 1019 1547 etiam
1045 1504 1165 1546 nonam
1191 1506 1317 1568 quoque

215 1584 305 1648 illam
338 1585 451 1668 (instar
482 1585 677 1668 reliquarum
709 1585 865 1669 omnium)
900 1593 995 1650 castae
1025 1585 1227 1669 Religionis3
1261 1587 1318 1653 diu

216 1687 340 1766 iisdem,
365 1695 398 1751 et
423 1688 544 1751 multos
569 1709 669 1751 annos
694 1687 753 1751 sub
780 1689 843 1752 Illo
868 1688 963 1768 salve,
989 1689 1117 1772 sospite,
1144 1691 1317 1774 superstite

216 1791 442 1873 perfruamur:
480 1790 525 1873 (id
548 1790 633 1873 quod
659 1784 870 1873 quadriennis
895 1793 965 1875 jam
992 1792 1148 1874 fecimus.)
1212 1794 1317 1859 Quot·
1400 1781 1401 1785 ¹

216 1894 311 1957 annis
331 1902 406 1958 vota
427 1900 538 1958 nostra
560 1890 729 1972 solventes,
756 1893 808 1958 die
830 1895 901 1974 hoc,
926 1894 966 1958 de
991 1894 1042 1957 die
1062 1895 1133 1973 hoc,
1156 1894 1195 1958 de
1217 1897 1318 1959 salute

216 1996 354 2061 hoodie
380 1998 477 2061 data:
510 1997 745 2062 Intercalantes
771 2018 896 2080 semper
911 1998 1050 2061 Versum
1073 1998 1180 2076 hunc;
1211 1997 1316 2077 initio,

215 2099 332 2178 medio,
348 2101 430 2164 fine:
464 2101 535 2182 Ipse
550 2107 606 2179 est,
623 2101 677 2183 qai
691 2102 823 2164 salutem
840 2101 896 2163 dat
910 2101 1067 2183 Repibcs:
1105 2101 1177 2182 Ipse
1192 2106 1248 2178 est,
1264 2103 1318 2182 qui

214 2204 298 2266 emit
311 2203 471 2280 Jacobcm,
486 2223 607 2266 seruum
622 2223 720 2282 auum,
738 2203 776 2266 de
794 2204 903 2286 pladic
918 2204 1064 2285 malique.
1111 2204 1181 2287 Ipsi
1203 2203 1316 2282 honor,

215 2305 294 2385 laus,
310 2305 421 2389 gloria,
437 2305 722 2390 gratiarumactio,
738 2306 774 2370 in
790 2306 906 2370 saecula
922 2307 1121 2369 saeculorum.
1167 2307 1284 2370 Amen.

388 2466 405 2490 '¹¹
422 2457 516 2510 2Sam·
527 2459 599 2509 xviii.
611 2460 650 2510 32.
921 2465 933 2489 ¹¹
949 2457 1008 2508 Jud.
1020 2473 1043 2507 v.
1056 2459 1095 2508 31.
