2970 4914
477 281 677 343 rnnouosrcn
698 283 949 335 unumunurm.
1200 271 1261 333 105

167 435 217 517 (ut
240 434 304 500 dici
330 436 421 521 solet)
440 459 595 522 reumque
617 439 795 504 insimulat.
840 440 882 504 In
908 440 1057 520 secunda,
1082 462 1156 505 reus
1181 442 1263 506 alter

165 539 313 605 alterum.
346 543 402 629 ‘In
415 543 521 620 tertia,
535 543 646 627 populi
660 565 719 608 vox
734 542 857 609 delator
871 549 933 620 est,
975 545 1018 608 In
1039 551 1163 628 quarta,
1177 567 1262 609 uuus

166 643 333 728 quispiam,
348 646 468 728 proprii
482 646 612 730 verique
626 646 768 710 nominis
784 654 958 711 armantur.

208 747 239 808 5.
265 746 361 810 Addo
381 749 480 812 etiam
502 749 553 812 his
577 749 728 832 quintum
751 749 865 828 adhuc,
887 770 998 813 verum
1019 771 1086 814 non
1114 750 1162 833 (ut
1176 749 1257 832 haec)

165 847 362 913 ordinarium
377 851 582 935 expediendae
593 851 659 915 litis
670 852 868 930 remedium,
893 852 971 935 quin
980 853 1075 935 plane
1086 852 1264 923 extraordi-
1320 855 1323 862 ’

164 950 292 1014 narium
301 977 311 1029 ;
333 973 395 1016 nec
409 952 638 1033 adhibendum,
653 954 717 1017 nisi
736 954 772 1017 in
792 952 874 1017 valle
892 954 1011 1034 Achor,
1027 955 1061 1018 id
1077 961 1135 1034 est,
1152 961 1265 1019 contra

164 1054 403 1136 perturbatores
419 1056 550 1120 Israelis
567 1058 642 1139 (hoc
665 1057 754 1122 enim
777 1064 870 1122 sonat
895 1080 956 1122 vox
981 1059 1121 1143 Achorr)
1146 1080 1263 1142 nempe

165 1157 264 1220 atroci
287 1157 394 1241 aliquo
416 1158 452 1235 in
477 1159 606 1238 scelere,
632 1165 688 1223 aut
710 1160 913 1243 periclitante
935 1161 1087 1226 Ecclesiae
1109 1162 1264 1245 regnique

165 1264 262 1322 statu.
307 1260 351 1323 In
374 1260 415 1324 iis
439 1261 526 1324 cuim
550 1261 731 1325 decurritur
756 1261 798 1325 ad
823 1262 1083 1342 extraordinaria,
1099 1263 1141 1327 ad
1163 1271 1265 1328 sortes

165 1361 295 1441 scilicet,
312 1349 455 1442 alosua,
477 1365 563 1448 quod
574 1365 744 1448 ,quibusvis
765 1365 801 1428 in
824 1366 937 1444 causis,
962 1387 1029 1429 non
1051 1367 1163 1430 datum
1185 1374 1262 1431 est0.

164 1464 207 1539 In
221 1465 270 1544 iis,
287 1487 346 1529 sua
365 1467 470 1531 solum
493 1468 672 1550 suspicione
693 1468 795 1532 fretus
812 1469 833 1531 J
834 1469 934 1551 oseph
943 1493 952 1545 3
976 1469 1035 1532 Nae
1049 1490 1103 1532 voa
1118 1472 1264 1551 eaplora-

164 1575 247 1632 tores
255 1571 330 1633 eatis
340 1571 479 1654 (iuquit),
486 1578 516 1634 ct
528 1571 573 1634 ad
581 1572 682 1634 audac
691 1577 782 1634 terrae
787 1578 899 1653 partes
911 1573 1096 1654 detegendas
1104 1575 1261 1637 recutiat

67 1739 69 1744 ,
165 1673 311 1754 Cumque
324 1673 373 1736 illi
387 1681 544 1757 negarent
552 1701 562 1753 ;
585 1674 653 1738 sine
667 1674 796 1754 indicio,
813 1675 908 1753 fama,
926 1675 1067 1740 delatore
1083 1698 1262 1760 quoquam;

165 1776 339 1858 quaestione
363 1777 484 1855 habita,
506 1777 690 1841 Simeonem
712 1777 855 1841 detrudit
874 1778 910 1840 iu
932 1799 1102 1857 carcerem,
1120 1780 1262 1862 reliquos

164 1879 264 1962 adigit
287 1880 328 1943 ad
347 1881 581 1964 juramentum.
625 1881 697 1946 Nec
718 1881 766 1945 illi
788 1881 827 1945 ad
847 1882 902 1965 jus
922 1883 1069 1964 gentium
1088 1890 1264 1966 provocant

163 1987 284 2061 tamen,
306 1991 362 2046 aut
378 1990 490 2047 contra
508 1985 562 2068 jus
576 1983 688 2067 fasque
704 2005 813 2048 secum
828 1986 881 2068 agi
896 1993 1148 2069 conquerrmtur.
1195 1985 1264 2050 Ubi

163 2085 250 2157 enim
262 2085 303 2148 de
313 2085 498 2168 reipublicae
512 2107 590 2170 paee
602 2094 725 2170 agetur,
737 2086 822 2150 tanti
835 2087 892 2150 illa
907 2094 965 2167 est,
975 2095 1013 2152 ut
1023 2110 1090 2153 non
1106 2089 1262 2168 dubitem,

163 2189 271 2252 Deum
300 2210 395 2252 suum
428 2189 636 2272 Magistratui
664 2190 830 2274 zelotypiae
860 2190 1009 2272 spiritum
1032 2190 1263 2274 permissruum

163 2313 241 2370 esse,
266 2291 307 2356 de
330 2293 435 2356 salute
459 2293 586 2356 Israelis
609 2293 676 2357 sui:
700 2313 768 2356 non
789 2293 898 2356 minus
922 2315 1018 2376 quam
1036 2293 1153 2359 marito
1168 2316 1264 2358 suum

162 2393 317 2476 permisit,
338 2394 379 2458 de
401 2395 549 2458 castitate
576 2395 723 2480 conjugis
749 2410 842 2460 suaeq.
889 2397 978 2460 Nam
1001 2403 1034 2462 et
1058 2417 1120 2475 res,
1137 2397 1177 2460 de
1200 2419 1264 2480 qua

163 2497 278 2580 agitur,
293 2499 330 2561 in
344 2520 470 2563 summo
485 2498 588 2582 gradu
601 2499 778 2582 periculosa
792 2505 850 2577 est,
866 2505 904 2562 ut
916 2499 1111 2562 dissimulari
1123 2522 1192 2564 non
1207 2501 1262 2566 de-

161 2599 255 2664 beat:
279 2608 313 2665 et
327 2617 485 2684 personae,
492 2589 683 2684 quibuscum
695 2602 810 2684 agitur,
826 2601 890 2665 nisi
905 2602 1048 2666 conscios
1064 2624 1149 2681 suos,
1161 2609 1262 2668 testes

161 2703 268 2775 nullos
291 2704 442 2768 adhibere
457 2705 581 2783 solent,
607 2724 666 2788 per
692 2725 772 2788 quos
795 2704 887 2788 argui
911 2705 1045 2789 possint.
1073 2706 1134 2778 ,Et
1158 2707 1262 2770 scelus

161 2806 279 2889 ipsum,
295 2829 358 2890 quo
379 2807 419 2871 de
443 2808 560 2890 agitur,
575 2829 614 2871 ex
640 2829 678 2871 eo
702 2829 818 2890 genere
844 2808 1000 2871 scelerum
1023 2815 1082 2886 est,
1106 2830 1178 2892 quae
1199 2809 1259 2872 im·

161 2930 271 2992 pressa
292 2916 364 2992 post
387 2932 421 2974 se
442 2909 584 2994 vestigia,
610 2917 666 2974 aut
688 2917 783 2984 notas
805 2932 872 2974 non
893 2911 1090 2994 relinquunt,
1105 2933 1162 2996 per
1182 2934 1260 2994 quas

161 3035 261 3076 manu
271 3013 375 3077 teneri
384 3020 513 3097 queant.
546 3014 654 3080 Quare
667 3014 704 3077 in
717 3014 787 3077 istis
798 3036 866 3078 non
880 3015 988 3078 minus
1002 3015 1181 3098 suspicione
1193 3016 1261 3079 sola

161 3136 319 3194 accusare,
332 3137 428 3199 quam
439 3136 496 3198 per
504 3116 698 3198 Equuleum,
709 3116 857 3199 Cippum,
870 3117 1038 3199 Scapham,
1051 3117 1260 3200 quaestionem

160 3217 279 3282 habere
304 3217 369 3282 fas:
396 3218 460 3301 (cui
473 3216 521 3281 rei
535 3217 668 3282 fuerunt
681 3218 738 3281 illa
752 3218 788 3281 iu
803 3217 910 3282 divina
923 3219 1123 3302 republica1.)
1172 3221 1261 3286 (luo-

160 3343 234 3384 rum
257 3320 427 3398 utrumvis,
451 3320 487 3383 in
509 3321 678 3400 aliis,·sive
699 3321 821 3400 litibus,
852 3321 917 3384 sive
940 3322 1136 3401 criminibus,
1162 3343 1260 3386 nemo

160 3423 352 3507 permiserit.
399 3424 500 3487 Recte
533 3424 572 3506 (si
597 3423 680 3488 bene
701 3423 846 3506 memini)
882 3426 1005 3488 Seneca
1032 3425 1080 3488 rei
1102 3425 1261 3489 rationem

160 3526 285 3590 reddit:
313 3527 373 3590 Ubi
387 3528 505 3589 scelera
518 3547 580 3607 per
601 3527 767 3607 abruptum
789 3532 870 3605 eunt,
886 3527 1025 3607 iniquum
1040 3532 1087 3589 eat
1099 3527 1261 3607 justitium

161 3629 206 3702 aa
214 3630 336 3711 produc
356 3631 464 3693 teucri.
510 3629 572 3698 oui
588 3650 657 3693 non
676 3629 768 3692 valde
791 3628 953 3691 dissimilis
975 3635 1024 3692 est
1052 3630 1131 3712 (ejus
1150 3629 1261 3712 quiin

118 3759 123 3768 ·
161 3733 279 3796 scelere
304 3732 448 3796 Achanis
475 3732 612 3815 abrupto
636 3731 676 3794 ad
700 3737 802 3795 sortes
827 3730 978 3813 decurrit)
1007 3732 1141 3814 quaestio
1165 3733 1261 3815 plane

161 3835 423 3899 extraordinaria.
469 3833 658 3898 Perturbari
676 3834 747 3908 vult
767 3833 840 3897 illos
857 3833 985 3897 Israelis
1001 3834 1100 3912 Deus,
1118 3834 1173 3917 qui
1186 3855 1259 3918 per·

160 3938 292 4002 turbare
320 3937 472 4001 nituntur
495 3937 650 4000 Israelem
676 3937 763 4000 Dei:
795 3938 929 4021 ejusque
958 3937 1005 4001 rei
1036 3936 1126 4000 vallis
1152 3938 1262 4002 Aehor

162 4047 355 4123 perpetuum
369 4046 628 4104 monumentum.

204 4143 226 4205 J
227 4164 280 4206 am
289 4162 364 4207 vero
379 4162 603 4225 quemcunque
618 4141 654 4205 in
664 4143 719 4227 jus
734 4142 854 4206 vocarit
869 4141 1086 4223 magistratus,
1098 4148 1262 4225 praeeunte

160 4265 200 4319 ex
215 4255 353 4330 quatuor
372 4245 437 4309 illis
454 4267 521 4310 uno
540 4244 618 4328 (aut,
641 4246 668 4310 si
690 4245 730 4310 de
752 4245 951 4328 Reipublicae
972 4245 1163 4309 Ecclesiaeve
1184 4265 1262 4328 pace

163 4416 167 4422 ·
291 4407 303 4432 ⁰
320 4397 372 4448 Jos
384 4398 427 4448 vii.
440 4399 479 4448 16.
865 4429 876 4460 q
894 4397 972 4447 Num.
983 4413 1006 4448 v.
1020 4399 1059 4447 14.

290 4471 302 4506 Ρ
321 4461 383 4514 Gen,
395 4463 460 4512 xliii.
473 4466 496 4514 3.
864 4469 882 4533 ᾖ
890 4461 982 4513 Jerem.
995 4463 1066 4512 niu.
1078 4463 1116 4512 26.
