2970 4914
274 267 320 330 46
659 280 775 329 00N010
795 281 840 331 ro
861 281 992 330 cunuun

269 438 320 500 hic
349 437 559 518 dispensatum
587 443 666 500 ectr.
715 436 911 501 Benedictus
938 439 1038 517 Deus,
1068 440 1125 522 qni
1154 441 1244 505 dedit
1272 445 1372 508 talem

268 544 461 623 potestatem
471 539 691 605 hominibus‘l:
715 540 809 604 Beati
826 561 901 605 vero
915 539 1071 622 homines,
1081 543 1197 626 quibus
1212 553 1373 629 potestate

269 642 331 707 hac
345 643 422 708 deta
435 643 580 727 legitime
593 642 645 707 uti
658 643 717 708 fas.

297 848 355 925 ,Ad
365 870 421 913 vos
430 848 525 912 venio
542 847 751 932 (Amplissimi
758 847 833 912 Viri
843 848 863 930 ι)
877 847 1060 931 frequentia
1069 850 1149 930 haec,
1159 858 1193 916 et
1202 852 1255 916 hic
1265 860 1372 918 vester

268 972 336 1015 non
347 951 444 1016 modo
454 951 597 1030 celebris,
610 950 667 1014 sed
681 950 780 1014 etiam
795 971 883 1014 sacer
895 952 1067 1014 Conventus
1081 954 1196 1037 ecquid
1210 956 1369 1020 molitur?

268 1053 383 1137 ecquid
394 1054 485 1137 agit?
530 1055 585 1118 Ita
598 1052 802 1132 convenistis,
815 1074 852 1116 nc
866 1053 894 1116 si
908 1054 1030 1137 aliquid
1044 1076 1230 1139 congressu,
1242 1059 1370 1123 consul-

265 1157 399 1236 tatione,
415 1156 672 1221 consideratione
687 1155 841 1239 dignum:
864 1155 954 1220 itane
976 1157 1155 1237 discessuri,
1176 1181 1214 1223 ac
1236 1160 1265 1223 si
1285 1161 1370 1225 nihil

264 1281 393 1342 prorsus
416 1281 504 1338 cura,
525 1258 668 1338 consili0,
689 1258 888 1322 correctione
910 1259 1029 1341 egeat?
1075 1261 1177 1327 Quasi
1202 1263 1371 1326 Curatores

265 1361 439 1426 advenistis
452 1362 517 1427 huc
532 1361 574 1424 od
587 1361 698 1424 laesarn
713 1360 889 1423 Ecclesiam
897 1385 908 1434 ;
932 1381 974 1423 ac
989 1363 1079 1442 quasi
1095 1363 1250 1427 Sacerdos
1263 1364 1318 1428 ille
1335 1373 1370 1429 et

263 1464 376 1527 Levita
394 1465 485 1546 (huo.
499 1463 559 1545 x.)'
572 1464 830 1527 sementariarum
844 1469 875 1525 et
889 1464 998 1542 visum
1014 1465 1132 1527 abituri
1147 1466 1219 1529 dein
1232 1473 1264 1530 et
1276 1468 1368 1530 relic-

265 1568 331 1629 turi
349 1568 388 1628 ira
404 1572 490 1629 statu
512 1567 616 1648 quc'?
662 1565 736 1630 Scio
751 1565 882 1649 quidem
901 1586 969 1629 non
982 1566 1080 1630 licere
1096 1569 1263 1652 Synodum
1285 1570 1369 1634 hanc

264 1676 411 1743 nostram
426 1668 584 1746 claudere,
599 1676 638 1732 ut
653 1668 774 1732 Paulus
788 1668 842 1732 hic
858 1689 961 1744 suam,
981 1667 1056 1732 Noa
1076 1673 1237 1753 concupivi
1258 1693 1369 1735 numm

265 1779 321 1835 aut
335 1779 498 1854 arpentum
513 1773 694 1854 cujusquam
713 1770 892 1835 vestrum‘:
918 1771 991 1835 Scio
1006 1779 1102 1851 certe,
1118 1774 1190 1856 quis
1205 1775 1292 1838 enim
1307 1775 1369 1840 hoc

265 1881 414 1938 nostrum
429 1875 562 1954 nesciat,
578 1876 683 1938 Poetae
697 1895 808 1963 vocem
823 1874 865 1937 od
880 1875 961 1937 cives
976 1895 1061 1954 suos,
1077 1877 1242 1957 Prophetae
1256 1899 1368 1942 vocem

264 1977 307 2041 ad
321 1979 420 2041 eleros
434 1986 571 2057 nostros,
587 1998 656 2042 esse
670 1977 870 2061 potuisse,—

719 2092 861 2153 Qnasrcnds
871 2094 977 2158 pecunia
988 2094 1108 2158 prlmnm,

275 2233 282 2243 ¹
493 2177 584 2228 Virtus
594 2179 652 2240 post
661 2189 779 2225 nummos
787 2184 807 2227 “.

265 2274 391 2340 Siccine
406 2296 490 2354 vero,
500 2275 644 2338 Ecclesia
653 2279 728 2356 post
743 2275 906 2336 nummos?
928 2273 1033 2353 Absit,
1045 2281 1083 2338 ut
1098 2275 1153 2354 sic,
1170 2276 1226 2339 sed
1240 2277 1367 2341 utinam

263 2379 315 2441 vel
330 2377 393 2442 sic:
416 2379 542 2442 utinam
556 2377 607 2440 vel
615 2383 691 2458 post
705 2396 845 2439 nummos
860 2377 1014 2440 Ecclesiae
1028 2377 1120 2442 ratio.
1166 2379 1276 2442 Prima
1290 2400 1368 2443 cura

263 2501 332 2544 non
347 2480 459 2558 detur3
485 2478 634 2544 Secunda
648 2479 783 2556 utinam,
799 2478 849 2542 vel
863 2479 969 2543 tertia„
993 2479 1056 2543 Vel
1070 2479 1190 2543 tertia?
1230 2481 1368 2546 Utinam

264 2583 314 2646 vel
334 2590 508 2666 postrema,
524 2604 561 2647 ac
580 2603 649 2646 non
673 2581 806 2645 omnino
830 2581 921 2644 nulla
944 2582 1099 2646 Ecclesiae
1120 2583 1214 2647 ratio.
1259 2584 1367 2648 'Peties

263 2686 351 2749 enim
374 2685 427 2749 hic
448 2687 519 2769 jam
541 2685 581 2748 in
599 2683 730 2769 Synodo
755 2689 953 2746 conventum
977 2692 1036 2762 est,
1054 2684 1151 2749 toties
1173 2685 1261 2764 inde,
1277 2687 1367 2750 nulla

263 2787 425 2866 Ecclesiae,
441 2788 536 2871 plane
551 2786 642 2850 nulla
655 2786 784 2849 ratione
798 2785 920 2864 habita,
936 2785 1114 2849 discessum
1132 2795 1192 2851 est.
1238 2788 1365 2855 Quiane

263 2889 346 2952 nihil
365 2889 522 2967 luxatum,
545 2888 628 2951 nihil
648 2893 792 2970 ruptum,
815 2887 913 2950 nullae
934 2887 1048 2964 ruinae,
1070 2888 1161 2952 nulla
1187 2896 1263 2954 ruta
1284 2911 1366 2955 caesa

263 2991 443 3055 Ecclesiae?
489 2990 617 3056 Quiane
646 2990 756 3052 omnia
785 2986 1037 3074 κατηρτισμένα,
1067 2992 1177 3054 omnia
1205 2993 1295 3057 vobis
1325 3014 1364 3057 ex

263 3093 432 3171 sententia,
449 3092 559 3156 omnia
574 3091 723 3155 omnibus
742 3091 885 3154 numeris
901 3090 1069 3156 absoluta?

306 3196 386 3260 Non
402 3217 440 3258 eo
454 3194 538 3272 veni,
554 3193 702 3281 (Patres)
715 3200 752 3256 ut
768 3195 833 3256 oleo
842 3196 1021 3275 peccatoris
1035 3196 1260 3278 impinpcorem
1274 3197 1364 3262 vobis

264 3299 402 3379 capitol:
437 3298 546 3363 Quare
570 3296 716 3380 propitiis
742 3295 873 3359 auribus
888 3297 1003 3359 vestris
1026 3297 1132 3362 dicere
1146 3298 1229 3361 mihi
1245 3299 1362 3364 liceat:

264 3401 371 3464 Nemo
384 3408 453 3463 tam
468 3400 549 3463 dura
562 3399 669 3463 fronte
684 3405 743 3477 est,
758 3407 796 3462 ut
812 3399 917 3476 dicat;
942 3421 1038 3463 nemo
1052 3407 1121 3463 tam
1140 3401 1202 3464 levi
1224 3403 1362 3482 cerebro,

262 3509 300 3566 ut
324 3503 434 3566 credat
454 3502 583 3566 dicenti.
632 3503 716 3565 Sunt
735 3522 819 3580 vero,
844 3510 920 3565 sunt
944 3502 1060 3585 aliqua,
1078 3503 1222 3567 oratione
1242 3514 1361 3585 nostra,

263 3607 433 3669 attentione
456 3612 562 3668 vestra
586 3604 693 3687 digna,
714 3611 747 3667 et
770 3605 814 3666 ad
836 3626 911 3686 qun,
935 3606 971 3683 si,
988 3606 1043 3687 qui
1062 3605 1171 3669 Mileti
1195 3614 1265 3669 tum
1289 3609 1361 3686 fuit,

262 3708 426 3772 vobiscum
461 3708 515 3771 hic
548 3709 617 3791 jam
655 3714 740 3770 esset
770 3708 899 3786 Paulus,
933 3707 1064 3790 juberet
1101 3729 1156 3770 vos
1192 3711 1361 3774 attendere.

262 3810 378 3893 Neque
392 3832 467 3875 vero
485 3810 711 3893 perfodiendus
730 3808 812 3871 mihi
833 3810 939 3891 paries
955 3810 1026 3886 erit,
1042 3815 1079 3871 ut
1096 3810 1275 3890 ostendam,
1292 3835 1362 3896 quse

261 3913 354 3975 rintW
362 3940 372 3991 ;
395 3913 478 3975 nihil
493 3933 572 3994 opus
588 3917 683 3988 certe,
694 3917 841 3993 prostant
856 3912 943 3974 enim
957 3911 1150 3994 jamdudum
1166 3921 1279 3995 sponte
1294 3936 1360 3993 sua,

261 4020 294 4077 et
308 4015 379 4096 ipsa
394 4035 463 4076 sese
478 4014 558 4076 dant
572 4015 609 4076 in
624 4018 842 4095 conspectum.

304 4117 392 4180 Olim
408 4115 453 4178 sic
468 4116 568 4178 ordiri
582 4137 652 4179 mos
667 4115 739 4192 fuit,
755 4114 918 4177 Attendite
934 4115 973 4176 ab
988 4116 1150 4193 hereticis,
1167 4138 1186 4178 o
1203 4117 1359 4181 Schisma-

290 4255 607 4430 :pppqppqpffinpsq
861 4255 1112 4430 Ῐὶἓῗήῗρῆἷξιῖἶ
1127 4255 1188 4369 3³³5]ss
1213 4322 1261 4385 54]

291 4393 301 4416 ¹
340 4398 377 4432 uc.
389 4399 414 4431 x.
424 4385 463 4433 32,
909 4397 927 4430 s.
938 4382 996 4431 cxli,
1010 4382 1032 4432 7.

290 4456 299 4477 ¹
316 4449 371 4494 Ver.
385 4449 423 4495 33.
860 4454 876 4475 *’
888 4445 972 4509 [llzek.
986 4447 1040 4494 viii.
1053 4449 1074 4494 8.
1090 4449 1155 4510 seq]
