2970 4914
246 269 289 331 68
592 280 709 332 coamo
730 280 849 331 mmm
869 278 999 343 naam,

248 440 364 522 eripiet
375 440 414 503 de
427 460 521 503 mana
534 459 603 503 mea
611 449 634 504 ⁸.
655 440 780 523 'Neque
794 459 869 502 vero
883 438 1008 502 Pharao
1021 435 1083 500 hoc
1099 433 1241 518 agnovit.
1272 432 1349 506 Quis

248 549 295 606 eet
314 543 494 608 Dominae?
536 544 702 606 Dominam
723 564 785 606 aaa
806 543 886 621 acci,
909 547 939 604 et
961 541 1064 604 Iercel
1087 560 1148 602 aaa
1163 539 1320 600 dimittam
1328 537 1348 600 ².

249 647 328 711 Non
341 646 388 710 ita
396 645 499 711 David
509 652 627 725 noster,
636 667 703 710 non
717 653 815 710 certe.
836 646 898 709 Ille
908 665 984 709 vero
995 642 1140 726 agnoscit
1153 662 1187 704 ae
1201 660 1347 704 servum:

249 748 371 814 Audite
385 748 492 833 ipsum
506 747 545 812 de
565 748 680 832 seipso.
723 747 807 812 Psai.
831 748 910 812 cxvi.
928 751 981 812 16.
1004 747 1086 809 Ecce
1106 745 1247 823 Domine,
1275 743 1350 838 quie

249 873 305 936 eya
326 873 434 916 aerata
455 858 546 926 tana·
568 872 623 934 eqo
645 872 761 915 aecana
773 857 855 931 tuae,
867 858 898 915 et
908 849 999 932 filiae
1019 850 1140 912 ancilla
1163 854 1248 911 tac..
1277 847 1350 910 Nee

248 955 348 1020 verbo
369 956 440 1034 hoc,
456 961 489 1019 et
509 955 621 1039 lingua
646 962 785 1034 tantum,
802 956 859 1019 sed
878 961 911 1018 et
925 975 1029 1039 opere,
1046 960 1079 1017 et
1092 951 1246 1016 veritate:
1270 949 1351 1014 Non

253 1060 302 1142 (ut
315 1059 386 1142 illi,)
403 1058 531 1138 faciens,
546 1078 607 1123 nec
621 1058 734 1137 sciens,
749 1079 809 1122 nec
822 1059 942 1136 volens,
958 1057 1014 1121 aed
1028 1076 1176 1139 querens,
1186 1061 1217 1118 ct
1224 1051 1351 1136 faciem

252 1183 369 1226 amnem
383 1164 571 1227 voluntatem
582 1162 673 1244 Ejue.
710 1162 790 1226 'Pam
805 1160 959 1225 sollicitus
974 1159 1015 1224 de
1029 1180 1064 1224 re
1078 1157 1221 1237 Domini,
1236 1164 1275 1220 ut
1289 1174 1360 1223 aaa.

253 1267 432 1330 ascenderet
448 1267 483 1328 ia
508 1267 628 1344 lectam,
652 1285 714 1329 aaa
734 1285 873 1330 comeam
895 1264 993 1328 ocalia
1014 1268 1147 1346 caperet,
1164 1262 1352 1343 priusquam

252 1371 352 1434 locum
380 1370 554 1448 immiscet,
582 1389 640 1451 qao
663 1389 771 1433 arcam
795 1369 924 1431 Domiac'
944 1366 1129 1430 reduceretu
1140 1392 1152 1440 ,·
1186 1365 1228 1428 In
1250 1384 1352 1448 eaque

252 1472 443 1548 reducenda,
471 1472 517 1536 sic
538 1472 625 1536 inter
647 1492 752 1536 aereae
774 1472 838 1536 Dei
861 1471 1022 1536 accinctus
1047 1469 1164 1553 Ephod
1185 1469 1282 1547 lineo,
1306 1467 1353 1531 sic
1382 1497 1384 1500 ·

256 1576 413 1660 (inquam)
437 1597 470 1639 ae
486 1575 593 1659 gessit,
608 1583 647 1640 ut
666 1575 760 1640 uxori
784 1597 849 1640 suae
863 1575 1000 1638 nimium
1024 1594 1131 1637 aeratae
1152 1572 1313 1636 videretur
1324 1578 1352 1636 ¹.

256 1678 320 1743 Sed
334 1676 400 1757 ille,
414 1699 581 1762 nunquam
592 1678 669 1742 satis
683 1677 814 1742 humilis
829 1699 936 1742 coram
948 1676 1089 1741 Domino
1104 1697 1170 1755 suo,
1185 1695 1352 1758 nunquam
1383 1727 1385 1734 ,

254 1781 332 1845 satis
348 1779 503 1844 sollicitus
517 1780 559 1844 de
572 1781 738 1845 voluntate
752 1781 841 1865 Ejus.
869 1780 956 1844 Vere
971 1779 1087 1843 Setaea
1102 1779 1228 1843 David:
1250 1779 1353 1840 hami-

254 1884 303 1963 lie,
321 1891 358 1948 ut
380 1904 505 1947 aercae:
522 1883 640 1966 fidelis,
661 1889 699 1948 ut
724 1904 850 1948 aeaeae:
874 1905 982 1947 aercae
1002 1883 1168 1947 secandam
1183 1903 1237 1946 cor
1255 1883 1352 1964 &We

254 1988 355 2050 Recte
381 2007 468 2069 ergo,
491 1993 524 2051 et
548 1987 589 2051 ad
613 2008 693 2067 rem,
715 1987 752 2050 in
771 1987 877 2051 Versu
900 1987 1027 2066 dicitur,
1052 1985 1210 2070 Davidem
1232 2005 1355 2048 cervum

253 2110 352 2152 mam.
397 2089 506 2168 Proin,
529 2089 575 2154 aie
595 2090 636 2155 de
658 2090 715 2155 illo
729 2091 819 2155 Deus
836 2111 924 2154 aereo
945 2111 1010 2169 aaa,
1034 2090 1153 2154 Psalm.
1167 2088 1282 2152 lxxxia
1299 2092 1358 2163 21.

254 2193 374 2255 Manae
401 2213 470 2255 mcc
500 2194 707 2256 cacilicbitur
727 2194 766 2273 ei,
791 2200 823 2257 et
845 2194 1005 2258 brachium
1033 2213 1131 2256 meam
1160 2191 1355 2273 confirmabit

253 2296 362 2359 illam:
393 2296 475 2359 nihil
488 2295 635 2379 proficiet
658 2298 802 2361 inimicae
826 2299 861 2360 ia
889 2318 946 2361 eo:
970 2295 1061 2378 filiae
1083 2297 1261 2378 iniquitatis
1292 2316 1356 2360 aaa

255 2405 387 2482 apponet
401 2420 510 2464 accere
524 2401 577 2475 ei,-
598 2399 632 2464 id
647 2406 708 2480 est,
724 2403 805 2487 (uno
819 2399 929 2485 verbo)
946 2403 1069 2464 Eracm
1084 2421 1161 2465 eam.
1219 2433 1223 2441 ·
1404 2385 1408 2394 ⁸

297 2504 342 2567 Et
356 2503 442 2587 quod
457 2503 553 2570 verbo
575 2503 666 2582 dixit,
684 2526 779 2589 opere
800 2504 980 2589 complevit.
1027 2503 1135 2581 Proin,
1159 2524 1240 2587 sape
1261 2502 1356 2567 illum
1425 2576 1428 2581 4

256 2606 353 2686 Deus,
370 2613 404 2671 et
419 2628 438 2671 a
452 2607 563 2673 multis
581 2607 659 2691 (non
674 2608 754 2688 dico,
777 2608 938 2693 periculis,
960 2608 1028 2673 lata
1046 2606 1143 2671 nimis
1157 2628 1218 2671 vox
1237 2607 1295 2671 illa
1314 2606 1356 2671 ad

254 2731 394 2793 praeseus
408 2710 607 2795 institutum)
625 2712 700 2776 telis
715 2712 796 2789 dico,
815 2713 913 2796 (quod
928 2713 1029 2796 magis
1045 2710 1235 2800 appoqitum)
1250 2732 1269 2774 a
1282 2710 1356 2774 telis

255 2812 350 2892 eruit,
377 2813 488 2893 acutis,
514 2814 676 2894 diatmctia
702 2815 857 2880 contortis
877 2815 912 2878 in
942 2815 1116 2899 perniciem
1137 2815 1215 2898 ejus.
1260 2813 1356 2878 Emit

256 2914 410 2978 aframea
425 2915 564 2981 Goliam
588 2917 683 2982 Eruit
699 2939 718 2981 a
732 2919 841 3002 jaculo
857 2918 1007 2983 Saulis⁸z
1026 2925 1059 2983 et
1077 2917 1175 3002 (quod
1194 2917 1269 2982 huic
1283 2918 1356 2983 loco

252 3015 435 3104 proprium)
449 3021 531 3083 emit
545 3026 576 3083 et
591 3041 611 3084 a
621 3021 741 3104 eladio.

253 3167 256 3172 -
299 3121 331 3184 A
348 3121 457 3203 ⁸eladio
476 3128 593 3202 autem,
615 3144 683 3189 non
698 3123 808 3208 quovis
825 3123 972 3210 cujusvis,
994 3123 1157 3190 communi
1172 3130 1205 3189 et
1219 3124 1355 3208 promis·
1377 3203 1380 3210 Ι

256 3243 335 3302 euo;
359 3225 448 3308 quin,
467 3225 529 3309 (uti
539 3227 663 3292 Versus
676 3227 789 3314 habet)
805 3230 944 3312 caladia
959 3230 1106 3312 malique.
1149 3228 1267 3312 Ecquis
1280 3250 1358 3293 vero

253 3328 381 3410 yladc'aa
394 3329 575 3411 mcliyaaa?
589 3332 753 3415 malicum,
765 3331 847 3411 dico,
858 3333 963 3396 malus
974 3333 1067 3412 forte,
1078 3332 1161 3396 forte
1171 3332 1354 3396 maleficusz

255 3436 290 3493 at
319 3451 395 3495 vero
431 3433 601 3515 malianum
633 3435 785 3517 cladium,
820 3435 917 3499 nimis
952 3435 1131 3500 violentum
1161 3440 1209 3498 est
1238 3434 1356 3499 dicere.

257 3533 363 3613 Certe,
375 3536 479 3617 aladii
500 3536 629 3620 quidem
652 3539 746 3622 culpa
767 3539 866 3619 nulla,
882 3539 974 3602 nulla
993 3539 1029 3602 in
1048 3538 1134 3602 ferro
1154 3539 1355 3621 mcliqac'tae:

256 3643 326 3700 tota
342 3636 378 3702 in
399 3638 454 3702 illo
476 3645 535 3718 est,
559 3640 709 3724 illiusque
732 3641 839 3706 animo
861 3641 1088 3706 malevolentia
1109 3641 1239 3719 suffusa,
1265 3642 1358 3725 cujus

255 3739 349 3804 lateri
378 3741 548 3826 appendet.
598 3744 750 3828 Namque
780 3745 843 3808 alio
873 3766 978 3824 sensu,
1009 3744 1118 3808 nullus
1147 3750 1196 3808 est
1229 3744 1358 3827 stadiae

256 3845 420 3926 mcliyaaa.
515 3885 519 3894 ·
1128 3865 1152 3935 ‘.

300 3946 345 4009 Et
360 3946 430 4029 quis
444 3947 498 4011 ille
513 3947 646 4013 tandem
660 3950 814 4033 mcliqaac
828 3949 955 4034 igitur?
992 3950 1150 4029 Profect0‚
1166 3972 1233 4015 non
1248 3949 1303 4034 qui
1318 3971 1358 4015 ex

255 4047 405 4130 professo,
422 4055 455 4114 et
474 4057 584 4134 aperta
604 4050 710 4116 fronte
731 4054 902 4132 maleficae,
919 4053 970 4118 vel
992 4054 1166 4118 malevolus
1175 4078 1186 4131 3
1208 4075 1285 4133 non,
1300 4054 1358 4137 qui

256 4149 359 4214 hostis
384 4149 495 4232 instar,
519 4153 581 4217 hoe
608 4153 714 4239 ipsum
733 4176 799 4239 prae
823 4177 858 4220 se
880 4156 1003 4220 ferens:
1028 4155 1083 4239 qui
1102 4157 1251 4235 latenter,
1269 4163 1302 4221 et
1321 4157 1358 4222 iu

258 4296 261 4300 ’
353 4301 363 4390 ζ
380 4293 444 4343 Dan„
456 4294 544 4346 iii.15.
922 4300 1041 4350 msam.
1053 4300 1107 4349 xiii.
1121 4301 1160 4349 14.

381 4357 462 4408 Exod.
474 4374 499 4408 v.
510 4362 534 4409 2.
924 4373 935 4397 ¹
952 4367 965 4414 1
979 4365 1046 4415 Sam.
1058 4365 1119 4415 xvii.
1131 4367 1171 4415 18.

352 4430 366 4453 ¹¹
383 4422 447 4472 Paal.
459 4425 554 4474 cxxxii.
566 4427 590 4488 2,
602 4428 626 4476 3.
925 4439 936 4462 ·
953 4429 980 4494 [1
994 4429 1061 4481 Sam.
1072 4429 1144 4481 xviii.
1155 4429 1206 4494 11.]
1268 4470 1271 4475 .

352 4494 365 4519 ¹
382 4488 397 4537 2
408 4486 474 4538 Sam.
484 4489 518 4539 vi.
529 4491 569 4543 20.
