2970 4914
521 276 669 327 nrrsrom
693 276 918 326 nnorcaroan.
1247 262 1265 324 5

161 442 232 497 tum
259 434 406 516 dicimus,
438 437 554 522 quibus
583 434 701 519 scripta
727 435 844 499 sinon
871 436 910 499 ad
932 434 1096 520 publicum
1124 459 1267 522 saporem

161 543 353 622 temperata,
366 561 430 624 quo
442 540 594 618 doctiora,
608 561 671 623 quo
682 538 842 602 sanctiora
856 545 942 617 sunt,
955 561 993 603 eo
1007 541 1115 605 minus
1129 542 1267 625 placent.
1367 551 1370 556 '

158 639 227 723 ⁵Illa
240 649 352 706 autem
372 642 468 726 (quod
481 650 567 707 certe
581 642 661 706 vidit
677 641 878 706 acutissimus
895 645 1012 726 Senex)
1032 665 1102 727 quae
1117 646 1269 709 Auctorea

161 764 248 821 suos,
264 745 344 828 quin
366 753 400 810 et
422 747 528 830 ipsum
553 746 704 809 Secutum
731 745 817 828 apud
839 767 950 810 omnes
978 747 1081 810 sobrie
1107 759 1141 811 et
1161 770 1269 812 severe

161 845 274 911 doctos
293 848 453 913 infamant
476 858 509 913 et
524 849 727 926 dedecorant,
744 848 848 912 eidem
869 851 939 933 jam
963 853 1128 932 aeqrotaatc'
1151 853 1268 915 Saeculo

161 948 259 1033 louge
281 960 359 1015 sunt
383 951 613 1036 acceptissima.
659 953 768 1014 Mores
793 953 874 1014 euim
891 954 1072 1036 prampites
1096 976 1164 1017 cum
1186 962 1268 1033 aaut,

160 1055 312 1117 matitia
326 1061 445 1134 austra,
461 1076 517 1119 uec
531 1056 668 1119 remedia
678 1056 752 1136 pati
761 1076 928 1136 possumus
938 1066 973 1129 ⁸,·
996 1064 1029 1120 et
1041 1058 1206 1121 Medicina
1220 1061 1270 1122 vel

161 1156 282 1240 scripta
295 1179 362 1222 non
376 1159 492 1242 placet.
537 1160 609 1223 Nec
628 1159 748 1222 mirum
769 1157 888 1222 similes
910 1160 937 1222 si
960 1159 1076 1224 similia
1099 1161 1269 1226 delectent.

161 1259 207 1323 Et
222 1260 279 1344 qui
291 1260 376 1326 bene
390 1263 477 1326 norit
493 1262 601 1326 saccali
616 1270 684 1326 tam
700 1261 850 1324 infruniti
865 1263 964 1341 labra,
981 1285 1111 1347 operam
1127 1264 1223 1327 simul
1238 1273 1270 1328 et

160 1363 270 1428 oleum
284 1365 418 1448 perdere
432 1365 603 1444 videretur,
621 1366 646 1428 si
666 1365 743 1428 alias
759 1365 805 1429 eis
820 1372 949 1449 pararet
964 1367 1122 1430 Lactucae
1132 1367 1154 1446 ¹¹,
1172 1389 1269 1450 quam

161 1467 266 1550 qualis
287 1474 374 1531 terra
394 1469 519 1532 inculta
541 1469 671 1552 profert.
718 1469 835 1532 Noluit
858 1478 946 1532 certe
962 1469 1022 1532 Vir
1044 1471 1148 1553 gravis
1174 1471 1271 1553 (quod

161 1579 242 1642 olim
264 1581 391 1663 monuit
412 1583 552 1644 Sanctus
570 1582 790 1664 Hieronymus
799 1581 822 1662 ο)
841 1581 886 1642 ad
903 1581 1099 1644 scribendum
1122 1584 1183 1645 cito
1192 1604 1270 1664 pro-

160 1683 259 1761 ru'tire,
275 1704 314 1746 ue
325 1685 386 1747 tevi
401 1685 566 1748 duceretur
580 1685 727 1747 tuscala:
752 1684 779 1746 si
793 1690 904 1746 tamen
918 1684 996 1747 levis
1012 1706 1050 1747 ea
1065 1685 1202 1749 dicenda
1218 1687 1270 1763 sit,

163 1806 236 1868 quae
250 1807 340 1850 nunc
355 1789 547 1871 scriptorum
563 1789 678 1871 vulgus
694 1787 806 1870 agitat.
853 1787 916 1850 Sed
931 1787 1006 1850 inde
1021 1789 1164 1871 profecto
1179 1790 1272 1853 fundi

162 1890 268 1953 nostri
295 1891 460 1955 calamitas
470 1891 493 1968 ¹¹,
526 1892 612 1974 quod
640 1898 731 1954 tenet
758 1891 936 1954 insanabile
962 1893 1082 1955 multos
1112 1893 1273 1957 scribendi

131 2034 134 2038 -
163 1993 369 2073 Cacoethesr,
383 1995 467 2080 quod
480 1995 649 2058 scribimus
664 1993 802 2058 indoctis
815 1986 966 2077 quicquid
981 1996 1017 2058 in
1030 1995 1163 2059 buccam
1173 1997 1271 2076 venit,

162 2096 320 2181 quicquid
343 2098 403 2161 sub
429 2121 530 2162 manu
553 2099 706 2161 nascitur.
752 2098 836 2162 Inde
859 2106 953 2161 tanta
973 2099 1091 2182 ubique
1116 2101 1271 2164 librorum

162 2201 270 2281 turba,
286 2207 324 2265 ut
338 2202 388 2264 vel
403 2202 606 2285 paucioribus
627 2224 663 2265 ac
679 2202 876 2266 brevioribus
889 2203 1069 2266 doctiorum
1081 2205 1206 2287 scriptis
1220 2206 1272 2268 vix

162 2305 304 2389 supersit
319 2305 419 2370 locus.
464 2308 509 2370 Et
523 2307 585 2370 hoc
602 2328 728 2390 quoque
744 2307 784 2370 de
796 2307 985 2370 Manicbaeis
1001 2307 1178 2372 observavit
1195 2310 1271 2373 olim

163 2392 520 2493 SanctusAugustinus,
531 2412 614 2493 quod
623 2411 718 2473 libros
727 2410 897 2473 scriberent
908 2417 938 2472 et
950 2412 1060 2472 multos
1070 2418 1100 2473 et
1109 2413 1271 2493 iupeutesss,

162 2514 230 2578 acsi
249 2513 313 2578 hoc
335 2515 434 2579 etiam
456 2517 491 2578 in
513 2516 588 2578 fatis
603 2515 727 2593 fuisset,
743 2521 777 2577 ut
794 2517 823 2576 is
838 2515 1034 2577 doctissimus
1049 2517 1201 2595 evaderet,
1218 2521 1270 2600 qut

164 2619 375 2700 copiosissime
390 2620 541 2682 deliraret
549 2617 574 2681 ¹¹.
597 2642 601 2650 ’
619 2619 736 2701 Neque
760 2625 870 2680 tamen
886 2618 938 2680 hic
953 2617 1146 2682 industrimn
1162 2622 1269 2704 cujus·

164 2742 262 2804 quam
276 2721 465 2804 sugillatum
487 2722 582 2800 imuS,
605 2721 646 2784 sit
662 2743 740 2784 sane
755 2721 882 2804 qualem
897 2721 1044 2804 cupimus
1060 2730 1093 2785 et
1107 2744 1268 2788 vovemus.

164 2825 231 2888 Sed
245 2825 307 2889 hoc
321 2833 370 2890 est
386 2826 472 2910 quod
487 2832 635 2909 optamus
659 2825 808 2904 maxime,
827 2847 888 2888 ncc
909 2846 1073 2908 speramus
1095 2835 1216 2908 tamen,
1231 2836 1269 2892 ut

163 2933 242 2990 oetaa
255 2929 325 2992 haec
340 2930 471 2992 tandem
487 2928 658 3012 aliquando
675 2928 779 2991 sobrie
796 2928 908 3011 sapiat,
925 2949 985 2991 nec
1004 2929 1038 2992 in
1062 2951 1154 2993 suum
1169 2931 1268 3014 ipsius

162 3030 313 3111 dedecus,
326 3040 358 3095 ct
372 3040 574 3115 posterorum
590 3032 755 3109 damnum,
768 3031 863 3094 tidros
878 3033 969 3094 nihili
988 3033 1127 3116 (nequid
1143 3036 1268 3117 gravius

162 3132 334 3216 dicamus),
349 3134 436 3198 unde
458 3155 518 3198 nec
537 3135 660 3197 doctior
675 3134 746 3216 quis
766 3155 827 3196 nec
845 3135 957 3198 melior
975 3135 1041 3213 fiat,
1060 3144 1116 3199 aut
1139 3138 1266 3216 scribat,

164 3241 222 3298 aut
236 3236 342 3300 foveat
357 3237 499 3320 scriptos
546 3239 620 3300 Imo
643 3237 765 3300 deferat
789 3237 896 3319 potius
918 3239 951 3299 iu
973 3239 1073 3300 vicum
1090 3241 1267 3303 uendentem

165 3339 265 3404 trusi.
311 3341 363 3404 Ibi
387 3342 474 3405 enim
509 3341 592 3405 bene
623 3342 737 3404 saltem
772 3342 857 3404 olere
888 3342 1021 3421 discent,
1053 3343 1131 3406 dum
1161 3345 1266 3407 thuris

164 3443 321 3527 piperisve
336 3445 454 3508 cuculli
469 3445 558 3524 fient,
575 3445 630 3528 qui
645 3444 765 3507 nullius
781 3465 843 3507 aere
858 3445 947 3527 digni
963 3453 1038 3508 sunt
1052 3446 1134 3510 libri.

209 3547 353 3612 Unicum
368 3555 418 3611 est
442 3549 526 3632 quod
548 3554 659 3625 restat,
683 3549 810 3628 Nempe
830 3555 867 3610 ut
890 3549 917 3611 si
940 3569 1010 3630 quae
1033 3549 1068 3610 in
1087 3549 1149 3612 hoc
1173 3571 1267 3632 opere

164 3651 323 3714 severiora
345 3651 505 3729 videntur,
531 3651 691 3734 (videntur
717 3656 824 3712 autem
849 3649 966 3713 alicubi
990 3649 1162 3735 nonnulla)
1186 3653 1266 3714 scire

165 3753 318 3836 dignetur
345 3755 503 3836 Majestaa
534 3756 654 3832 Vestra,
688 3754 858 3816 Saturnum
888 3756 969 3816 tuac
990 3759 1138 3831 austrum,
1169 3755 1265 3818 vividi

164 3855 288 3939 ingenii
297 3877 333 3920 ac
356 3857 546 3940 perspicacis
564 3859 683 3934 Scaeua,
699 3856 878 3920 Veritatem
893 3857 985 3920 vultu
999 3856 1127 3940 proprio
1149 3879 1186 3922 ac
1206 3880 1265 3922 suo

181 3973 183 3978 '
198 3984 209 4007 ¹
227 3975 296 4038 [Liv.
308 3975 377 4026 Hist.
390 3976 463 4026 Praei.
476 3975 507 4026 ad
520 3976 611 4025 Decad.
624 3976 656 4039 i]
770 3977 779 4008 ¹
799 3975 875 4039 [Hor.
888 3975 933 4038 Ep.
946 3975 979 4024 ll.
993 3976 1009 4024 i.
1022 3975 1088 4039 lla]

198 4038 210 4072 ὓ
227 4039 275 4105 [ct.
294 4041 329 4090 M.
349 4041 376 4090 Τ.
398 4041 509 4093 Ciceron.
530 4041 560 4090 de
578 4041 691 4100 Finibus,
768 4052 780 4084 r
799 4041 828 4104 [“
838 4040 901 4090 Cum
914 4041 948 4090 ue
961 4042 1001 4090 illi
1013 4046 1131 4091 sonarent
1142 4041 1208 4091 mihi
1219 4043 1264 4096 fre·

164 4105 209 4155 lib.
222 4107 238 4154 i.
256 4120 309 4168 cap.
323 4105 357 4170 a]
736 4112 842 4171 quenter
866 4110 892 4155 et
908 4106 1085 4169 multipliciter
1101 4107 1142 4156 die
1161 4108 1220 4167 sola,
1239 4113 1265 4157 et

196 4178 208 4202 ⁰
220 4171 247 4235 [“
255 4163 295 4219 Ne
304 4170 336 4220 ad
345 4171 504 4220 scribendum
513 4171 563 4220 cito
570 4169 692 4233 prosilias,
736 4174 810 4223 libris
821 4171 908 4219 multis
917 4175 941 4220 et
950 4172 1175 4234 ingentibus.”—S.
1185 4172 1263 4236 Aug]

164 4239 192 4285 ct
207 4235 259 4284 levi
270 4235 369 4284 ducaris
380 4235 563 4285 infamia”-—S.
573 4235 692 4298 Hieron]
738 4238 847 4287 Confess.
862 4236 904 4283 lib.
914 4236 950 4283 iii.
965 4252 1018 4300 cap.
1027 4237 1060 4286 vi.
1072 4237 1143 4300 [sect.
1155 4240 1192 4287 10.
1207 4237 1264 4301 Op,

164 4301 212 4363 llp.
220 4299 257 4348 iii.
269 4299 426 4365 [cxvaall.
438 4301 479 4362 (al.
488 4299 547 4364 iv.)]
561 4300 593 4350 ad
607 4300 690 4348 Rusti·
736 4306 797 4352 tom.
808 4301 824 4348 i.
836 4301 881 4349 col.
891 4302 945 4350 167.
958 4300 1002 4364 B.]

165 4379 224 4415 cum
237 4363 516 4428 [sect.18.0p.,tom.i.
528 4365 574 4414 col.
585 4367 639 4415 938.
650 4361 692 4426 A.]
768 4364 781 4397 ¹¹
799 4363 883 4442 [Cous.
907 4365 931 4414 S.
954 4365 1020 4428 Aug.
1043 4365 1152 4416 Confess.
1175 4366 1219 4416 lib.
1239 4381 1263 4415 v.

197 4428 209 4460 ‘¹
244 4428 343 4478 Terent.
356 4427 462 4479 Eunuch
475 4429 494 4478 l.
506 4430 522 4478 i.
535 4429 588 4492 34.]
737 4445 790 4492 cap.
803 4429 841 4478 iii.
853 4433 912 4478 sect.
924 4431 946 4477 6.
958 4430 1020 4478 ibid.
1029 4431 1075 4479 col.
1086 4433 1141 4480 196.
1156 4431 1197 4494 B.]

198 4501 209 4527 ⁰
242 4491 531 4557 saracenicam]
770 4492 901 4557 ἰ[Ηοται.
913 4493 959 4556 Ep.
972 4493 1005 4543 ΙΙ.
1018 4495 1034 4544 i.
1047 4494 1114 4558 269]

1402 4444 1441 4638 l
