2970 4914
296 705 545 846 'ausuum
587 729 819 829 Passus
859 727 1107 847 DlVlNUll,
1310 743 1350 806 91

466 947 682 995 MAGISTRATUI
702 946 815 994 mcum
837 948 858 992 A
880 946 942 993 REO

435 1076 669 1194 Jusjuranhum
684 1110 835 1193 exigere?
880 1110 923 1172 Et
938 1109 982 1186 id,

513 1287 671 1362 quatenus
686 1299 723 1342 ac
739 1299 904 1362 quousque

589 1412 595 1419 ’
635 1451 770 1513 uaeatu

205 1654 258 1719 Du
282 1655 468 1722 Quaestione
491 1656 526 1721 in
544 1678 616 1721 reos
636 1657 786 1722 habenda
807 1657 867 1722 sub
883 1657 1052 1742 Religionc
1071 1645 1260 1743 juramenti,

155 1751 265 1843 'deque
274 1760 344 1844 ejus
358 1781 415 1843 per
429 1782 500 1824 reos
515 1761 566 1825 vel
580 1761 792 1845 susceptione,
805 1763 856 1826 vel
868 1761 1081 1826 declinatione
1095 1763 1242 1846 legitima
1250 1789 1259 1840 3

121 1950 124 1955 Ι
161 1884 264 1947 nuper
288 1864 458 1947 quaesitum
480 1871 546 1928 est:
572 1865 724 1947 Nuuquid
737 1886 798 1946 per
810 1866 869 1948 jus
881 1864 999 1948 suaque
1014 1866 1162 1944 diuinum,
1185 1867 1260 1928 Mu-

158 1967 310 2049 pa'strutui
332 1968 426 2031 liceat
440 1989 461 2030 u
475 1969 540 2031 Rea
553 1968 778 2050 jusjurandum
792 1970 942 2052 cuipare?
985 1969 1031 2032 Et
1046 1968 1090 2048 id,
1110 1975 1261 2052 quatenus

162 2089 201 2132 uc
218 2090 373 2152 quousque
389 2071 508 2134 liceat?
550 2071 633 2134 Eam
648 2093 708 2154 ego
724 2071 945 2155 quaestionem,
960 2093 1003 2135 ne
1019 2094 1083 2154 qua
1097 2071 1261 2135 memoriae

162 2180 286 2251 vestrae,
302 2195 344 2238 ne
360 2196 424 2258 qua
438 2195 519 2238 meae
534 2175 679 2240 confusio
694 2177 771 2254 fiat;
795 2177 840 2240 sic
854 2184 939 2260 pote,
962 2177 1052 2259 quasi
1068 2177 1210 2259 quinque
1225 2176 1261 2238 in

162 2277 362 2361 propagines,
376 2277 540 2341 diductam
554 2279 637 2343 volo.
668 2280 785 2363 Neque
799 2281 921 2343 veroin
934 2280 996 2343 hoc
1011 2288 1079 2343 tam
1095 2281 1260 2343 succincto

162 2379 255 2444 bidui
283 2380 397 2464 spatio,
423 2380 594 2444 methodus
624 2381 705 2445 mihi
733 2381 835 2464 magis
866 2381 1028 2462 distincta,
1052 2383 1088 2445 in
1116 2389 1261 2444 mentem

164 2483 262 2548 venit.
314 2485 342 2546 1.
365 2483 421 2547 An
448 2483 577 2568 exigere
599 2486 823 2570 juramentum
846 2486 968 2550 liceat?
1023 2490 1054 2550 2.
1077 2485 1133 2548 An
1157 2483 1265 2566 Magi-

131 2587 283 2657 ,stratui
296 2588 413 2652 liceat?
458 2589 489 2651 3.
512 2580 568 2652 An
584 2595 708 2673 aparte
723 2609 778 2652 rea
792 2588 826 2651 id
840 2588 960 2651 liceat?
1004 2592 1036 2651 4.
1060 2588 1114 2651 An
1126 2586 1215 2650 omni
1230 2586 1265 2648 in
1447 2664 1457 2682 .

165 2680 261 2755 causa
274 2690 309 2754 id
322 2691 436 2766 liceat3
460 2711 503 2754 an
517 2712 592 2755 vero
606 2712 673 2754 non
687 2691 723 2754 in
746 2691 953 2774 Capitalibus,
973 2691 1029 2754 sed
1050 2711 1121 2774 quae
1137 2689 1265 2752 mitiore
1384 2737 1392 2752 .

165 2817 262 2879 poena
290 2794 451 2859 luuntur?
507 2797 537 2858 5.
571 2796 746 2878 Quousque
771 2795 833 2860 hoc
869 2795 975 2872 liceat,
1013 2802 1046 2858 et
1079 2793 1263 2878 quatenus?

166 2900 195 2963 u
212 2897 327 2982 quibus
335 2897 458 2982 priores
468 2897 533 2961 illae
543 2905 609 2962 tres
623 2899 824 2981 quaestiones,
836 2898 919 2962 nihil
931 2897 1116 2982 quaestionis
1124 2897 1265 2973 habent;

167 2999 195 3065 si
209 3000 279 3064 sani
294 3022 405 3064 sumus
419 3001 455 3064 in
470 3000 654 3084 Theologia.
699 3001 876 3086 Expediam
892 3023 968 3084 ergo
982 3001 1103 3084 paucis.

205 3107 235 3167 1.
247 3104 296 3168 Ac
305 3103 457 3186 primum,
470 3104 555 3188 exigi
569 3105 665 3168 licere
676 3105 904 3189 jusjurandum
916 3105 970 3189 jus
986 3125 1112 3168 sacrum
1122 3108 1187 3180 est;
1205 3123 1268 3185 qua

167 3206 203 3269 in
217 3228 252 3270 re
272 3207 448 3290 plurimum
469 3207 625 3271 interesse
644 3216 734 3291 puto,
754 3209 852 3291 (quod
867 3208 1017 3272 Christus
1031 3207 1107 3270 feeit
1121 3205 1158 3268 in
1173 3226 1268 3268 causa
1331 3282 1333 3285 ι

169 3309 308 3392 divortii)
329 3310 431 3393 qualis
446 3331 580 3394 quaeque
594 3331 646 3374 res
661 3310 701 3374 ab
716 3310 810 3374 initio
832 3309 941 3388 fuerit,
956 3309 991 3371 id
1005 3309 1146 3391 primum
1161 3306 1266 3390 inqui-

169 3434 249 3477 rere.
294 3414 415 3477 AEtatis
430 3414 517 3478 flexu
532 3415 637 3477 multa
651 3419 837 3477 mutantur:
861 3413 1064 3495 Principium
1080 3410 1183 3475 Index
1201 3431 1268 3473 cer·
1372 3476 1375 3481 ,

169 3516 322 3580 tissimus.
369 3517 487 3584 Quaero
507 3513 620 3600 igitur,
647 3515 715 3594 ubi,
741 3522 775 3580 et
802 3504 941 3598 quand0,
966 3515 1071 3598 prima
1091 3511 1270 3596 juramenti

170 3619 293 3684 mentio
303 3618 339 3682 in
354 3620 451 3684 sacris
461 3620 586 3684 literis?
622 3619 769 3703 Reperi0,
787 3619 869 3682 Gen.
885 3618 978 3696 xxiv,
994 3617 1135 3682 Abrahae
1149 3616 1269 3679 scilicet

170 3723 330 3807 adigentis
346 3723 386 3787 ad
397 3723 625 3808 jusjurandum
638 3744 766 3787 servum
782 3743 877 3786 suum
889 3721 947 3785 sub
958 3721 1009 3784 his
1020 3720 1135 3797 verbis,
1146 3720 1270 3801 hacque

170 3829 376 3893 caeremonia:
401 3829 491 3894 Pone
514 3849 603 3892 nune
626 3849 761 3891 manum
787 3813 856 3891 sub*
872 3825 993 3890 femore
1017 3845 1099 3903 meo,
1122 3830 1160 3887 ut
1178 3825 1267 3908 jure-

166 3931 308 4016 jurando
336 3940 370 3995 te
399 3932 610 4015 obstringam,
641 3938 848 4014 accepturum
876 3938 911 3994 te
933 3949 1067 3995 uxorem
1091 3929 1158 3992 filio
1188 3949 1270 4005 mec,

170 4057 188 4099 e
208 4035 399 4119 cognatione
416 4033 517 4098 mesl.
562 4035 625 4113 Ita,
647 4033 733 4118 quod
752 4033 893 4117 primum
914 4039 962 4096 est
985 4032 1021 4095 in
1043 4048 1132 4096 sacra
1153 4031 1272 4115 pagiua

168 4139 401 4223 juramentum,
415 4158 603 4221 ,expressum
618 4143 678 4200 est.

204 4257 306 4323 ⁸[Haac
323 4256 500 4307 determinatio
517 4259 591 4307 antea
605 4255 701 4320 prodis
744 4256 800 4306 tion
817 4255 1026 4306 Ecclesiasticall'
1038 4255 1082 4320 (by
1099 4253 1171 4304 Rich.
1186 4251 1271 4312 (losin,

172 4326 219 4385 rat,
230 4323 262 4373 sd
273 4323 332 4373 calc.
344 4321 388 4370 lib.
401 4321 441 4370 cui
452 4321 493 4370 tit.
511 4323 570 4370 ‘An
576 4320 701 4385 Apologia
745 4320 849 4383 blan),
861 4320 941 4370 hond.
954 4319 1037 4383 maa]

171 4387 211 4438 for
228 4386 330 4437 sundrie
347 4385 514 4449 Procsadings
531 4386 565 4450 by
580 4385 701 4437 iurisdic·
780 4383 879 4449 ¹²[Gcn.
891 4385 961 4435 xxiv.
973 4384 1059 4448 2-4.]

213 4484 271 4520 m).
284 4485 417 4520 01’.P0ffll.
989 4483 1015 4531 Η
