2970 4914
472 289 670 337 rnuoioorca
691 288 941 336 unumunurm.
1192 275 1254 336 123

158 444 256 509 verbo
280 445 364 527 quod
390 465 524 507 αιαααααι
549 446 713 527 designat:
737 465 823 526 ergo,
846 445 909 507 nisi
933 443 1057 506 incivile
1072 443 1180 524 faenus
1203 444 1254 522 sit,
1314 461 1375 520 115

160 529 222 610 nisi
238 549 405 626 dentatam,
422 547 486 610 nisi
500 549 643 626 murdac,
660 548 742 628 Lepc
764 547 804 610 dc
827 568 864 610 eo
882 553 1013 609 cautum
1028 553 1168 609 nonest.
1213 547 1257 608 Et
1270 543 1303 608 [1.
1321 543 1379 655 V⁰l³1¹

160 651 237 714 huic
251 672 404 734 responso
420 651 593 714 Molinaeus
608 651 729 713 scilicet
746 650 911 727 acclamat,
921 652 1063 730 pulchre,
1076 651 1256 730 emphatice,
1270 607 1359 656 nechea
1379 605 1396 669 ’]

162 753 409 816 αόααίαίὶααέαααῑ.

205 860 236 919 2.
260 858 345 920 Puto
360 857 410 919 his
426 855 611 919 hominibus
625 857 660 919 in
676 863 819 918 mentem
842 877 908 919 non
922 857 1031 919 venire
1048 857 1164 920 Galerii
1179 856 1258 918 illud
1271 856 1381 952 [solutio

161 967 326 1043 receptum
349 960 475 1044 jamdiu
499 960 534 1021 in
562 959 695 1037 Scholia,
718 956 933 1039 Ἐτυμολαγία
955 957 1075 1044 μάρτυς
1097 957 1258 1037 amttam,
1272 925 1285 970 1
1298 921 1316 984 ']

162 1063 218 1146 qui
239 1069 368 1125 tantum
389 1063 540 1125 tribuunt
554 1063 639 1125 vocis
654 1063 823 1126 notationi.
868 1063 922 1125 Ne
936 1062 1114 1144 periculum
1130 1063 1258 1144 quidem

163 1167 312 1248 cogitare,
334 1174 472 1248 quantas
491 1165 602 1227 turbas
627 1166 701 1228 dare
718 1165 831 1228 liceret
853 1166 888 1228 in
912 1167 1087 1257 llicolopic,
1104 1167 1130 1227 si
1144 1187 1258 1228 unam-

163 1291 321 1352 quamque
334 1269 429 1350 Laa
443 1269 587 1331 vomam
601 1271 702 1338 iim
723 1240 905 1362 sitiam
927 1240 1125 1338 siturus
1145 1240 1263 1338 sinin

163 1395 288 1435 manus.
301 1366 442 1434 sumere¹
467 1372 616 1434 daretur:
641 1371 716 1434 dein
739 1393 857 1454 negare
880 1379 999 1454 negata
1023 1372 1063 1437 iis
1087 1372 1260 1455 praeceptis,
1277 1370 1285 1400 ¹
1300 1371 1424 1434 [sumere

166 1498 236 1558 quae
255 1475 295 1538 ad
318 1476 465 1537 strictum
480 1475 565 1538 vocis
587 1472 702 1554 ἔταμον
718 1475 872 1557 quadrare
887 1497 954 1537 non
968 1482 1108 1557 possent.
1155 1476 1262 1541 Quare
1274 1441 1399 1550 appposi-

165 1579 328 1662 responsio
355 1579 424 1640 haec
445 1578 583 1653 illorum,
607 1578 672 1640 sive
692 1578 756 1641 vim
778 1579 840 1641 loci
862 1579 1023 1661 respicias,
1047 1579 1174 1641 infirma
1194 1585 1242 1641 est
1252 1605 1261 1656 3
1275 1565 1329 1615 MS.
1342 1563 1426 1628 ΗΜ]

167 1684 230 1745 sive
246 1682 437 1765 exemplum,
453 1682 641 1764 periculosa.

210 1790 240 1849 3.
264 1787 419 1848 Poterant
433 1785 502 1848 haec
518 1785 595 1847 satis
610 1805 696 1848 esse:
721 1784 804 1847 addo
819 1786 961 1848 tertium.
999 1787 1121 1849 Omnes
1136 1786 1263 1864 Userca,
1344 1813 1347 1828 ·

167 1890 265 1952 etiam
288 1890 451 1970 lepitimcs,
472 1889 543 1970 plus
565 1887 673 1950 minus
688 1889 838 1950 mordere.
884 1888 1095 1970 Praefoccatea
1108 1889 1179 1951 illas
1196 1889 1264 1971 qui·

169 1993 243 2055 dem
265 1992 360 2055 altius
384 1992 514 2054 dentem
533 1991 727 2073 imprimere,
753 1992 856 2054 instar
878 1993 944 2072 lupi
964 1993 1129 2065 motatiai3
1153 1993 1209 2055 sed
1231 1999 1265 2055 et

168 2090 401 2174 mordificotas²
421 2094 516 2156 hasce
540 2093 645 2179 ξυρεῖν
666 2093 699 2156 ἐν
719 2096 789 2180 χρῷ
798 2107 821 2172 ⁰,
846 2094 943 2178 (quod
967 2095 1080 2158 Graeco
1099 2095 1266 2177 proverbio
1279 2104 1426 2170 ²[1tamalc

169 2197 296 2279 dicitur)
317 2203 416 2259 catera
432 2197 656 2277 perstriapcre,
678 2196 792 2259 elicere
815 2197 913 2260 etiam
932 2198 1079 2260 nonnihil
1094 2199 1264 2279 scapeiais,
1278 2171 1427 2299 ἓξθξζῦἶῑω·

168 2300 272 2361 instar
294 2300 471 2380 cynomyiae,
489 2319 624 2381 quorum
646 2298 777 2381 utrique
794 2320 914 2361 morsus
928 2300 963 2362 in
979 2301 1153 2380 Scriotcris
1175 2301 1266 2363 attri—
1279 2299 1418 2384 ‘mpdifiaa

169 2402 289 2465 buitur.
334 2403 413 2465 Non
434 2423 523 2484 aeque
547 2401 676 2484 quidem
703 2403 808 2464 omnis
825 2401 959 2484 foeaoric
985 2403 1173 2466 metuendos
1197 2425 1266 2466 esse
1279 2363 1394 2490 iffi&

170 2506 275 2568 dentes
283 2533 300 2579 ;·
318 2505 374 2568 sed
388 2506 516 2568 nullum
523 2504 630 2585 focace
645 2525 713 2568 esse
728 2505 926 2568 edentulum.

213 2611 244 2670 4.
268 2608 394 2671 Deinde
415 2607 512 2690 (quod
528 2613 678 2689 quartum
693 2615 743 2670 est
753 2609 775 2689 3)
803 2609 913 2671 venire
928 2608 1167 2692 responsionem
1182 2609 1267 2671 hanc

171 2717 282 2773 contra
295 2711 394 2792 ipsius
408 2711 503 2791 Lepte
522 2710 723 2792 principium,
740 2714 843 2799 ΜΖ)
861 2711 950 2774 Sicut
972 2713 1130 2792 reclama
1175 2712 1267 2773 Mala

171 2814 258 2876 enim
279 2814 347 2876 haec
369 2815 497 2894 repuic3
521 2813 594 2874 dam
616 2834 653 2875 ae
675 2814 826 2891 mordeat,
843 2814 926 2895 flat:
950 2815 1043 2876 Malo
1062 2815 1215 2896 (inquam)
1234 2825 1266 2877 et

172 2918 375 2979 Piericcica:
401 2917 582 2978 Christiana
598 2917 663 2995 illa,
678 2917 759 2994 Fiat,
778 2917 851 2979 dom
859 2919 966 2998 prosit
975 2945 985 2991 3
1008 2919 1091 2995 Fiat,
1108 2918 1181 2980 dom
1196 2938 1267 2980 coa-

171 3021 280 3082 ducct:
306 3013 393 3083 Nam
404 3019 544 3081 mordeat
559 3041 661 3083 necne
673 3041 739 3084 non
754 3021 862 3098 refert,
874 3021 900 3084 si
916 3042 1100 3104 germanam
1106 3023 1269 3103 justitiam

173 3122 342 3204 quaerimus
350 3149 360 3199 3
377 3123 482 3202 prosit
496 3143 608 3201 necne,
623 3123 704 3185 illud
718 3123 827 3186 refert.

211 3228 242 3288 5.
266 3226 442 3302 Postremo,
455 3231 491 3286 ut
504 3225 653 3288 cedamus
664 3225 703 3288 de
714 3225 765 3288 his
779 3226 928 3289 omnibus
933 3253 942 3303 3
959 3228 1100 3295 nrm
1113 3227 1171 3304 illi,
1185 3225 1269 3309 quod

172 3348 239 3390 non
252 3328 358 3390 solum
374 3327 459 3410 apud
471 3328 671 3406 Prophetiam,
685 3327 741 3390 sed
755 3328 788 3390 in
800 3329 869 3409 ipsa
884 3350 1008 3411 quoque
1019 3330 1102 3410 Lepe
1113 3330 1270 3412 adjicitur,
1284 3334 1433 3411 [dicebaris

176 3431 219 3512 (et
236 3417 374 3523 quaem,
389 3437 427 3492 a
451 3429 582 3492 namen
604 3430 757 3506 decerna,
775 3429 994 3510 etiamtiam
1005 3432 1028 3512 ,·)
1064 3432 1193 3493 αααα
1211 3431 1271 3513 an·
1284 3414 1433 3513 fflffu

174 3533 280 3614 quam)
295 3533 341 3595 illi
357 3532 441 3596 bene
458 3531 517 3594 sit:
541 3531 622 3594 illud
636 3553 706 3594 rem
720 3537 824 3594 totam
840 3533 977 3595 conficit.
1023 3535 1072 3596 Ea
1085 3555 1155 3610 vox,
1173 3532 1237 3595 sive
1253 3554 1271 3594 a
1284 3543 1339 3578 xxv.
1353 3526 1402 3590 36]

174 3657 236 3717 quo
250 3635 411 3718 respicias,
428 3635 494 3698 sive
510 3634 550 3696 ad
566 3634 643 3717 quid
659 3639 813 3711 sumatur,
830 3635 962 3716 perinde
982 3641 1032 3697 est
1041 3661 1050 3711 3
1077 3635 1270 3717 imposturas

173 3737 277 3800 nullas
292 3738 435 3801 admittit
444 3763 453 3814 3
470 3735 680 3817 faeneratores
700 3726 876 3799 arctissime
899 3737 1090 3818 constringit
1099 3763 1108 3813 3
1136 3757 1204 3799 rem
1223 3738 1270 3818 (ut

174 3846 248 3903 ante
261 3841 349 3923 dixi)
366 3849 470 3905 totam
485 3841 623 3904 conficit.
649 3839 783 3903 Calvino
798 3839 927 3923 (illustri
938 3840 1047 3919 viror,
1058 3860 1271 3921 necunquam
1284 3835 1386 3962 ἓξὲξ]

205 3975 212 4006 ¹
237 3977 302 4041 [Car.
315 3977 430 4027 Molinaei
442 3978 550 4028 'l'ractat
562 3977 700 4027 Commcrc.
777 3986 788 4016 ‘¹
807 3977 898 4040 [Rabb.
912 3977 974 4026 Dav.
987 3976 1097 4026 Kimchi.
1115 3977 1182 4040 apud
1199 3977 1272 4027 Radi-

174 4044 271 4103 (‘textu
286 4043 328 4090 ix!
345 4043 399 4092 ΜΒ.
417 4043 499 4106 Harl.)
517 4044 560 4092 ic.
580 4057 649 4090 num.
667 4041 700 4089 ix.
745 4055 784 4090 ces
795 4042 827 4091 ad
838 4041 905 4090 verb.
918 4041 983 4104 ma]

173 4121 198 4169 p.
207 4109 229 4154 8.
248 4106 325 4155 Paris.
336 4107 423 4170 loos]
777 4115 787 4138 ¹
804 4106 832 4170 [“
843 4106 894 4155 Hic
905 4107 973 4154 inter
983 4106 1033 4155 alia
1044 4110 1146 4170 peccata
1156 4105 1271 4157 Ezechiel

205 4170 364 4220 mDerivatio
374 4172 448 4220 testis
457 4172 540 4221 fallare
559 4170 658 4235 [Galen.
670 4170 701 4220 de
744 4170 826 4219 foenus
849 4174 1034 4220 commemorat.
1068 4170 1169 4220 Nomen
1190 4187 1272 4221 usurae

174 4235 259 4284 Docti.
283 4235 405 4297 Hippocr.
428 4237 472 4284 lib.
485 4236 512 4284 ii.
531 4235 586 4299 0p.,
604 4241 665 4286 tom.
684 4237 700 4284 i.
745 4236 845 4297 proprie
852 4250 904 4284 non
911 4235 1092 4284 convenithuic
1100 4236 1162 4286 loco.
1215 4238 1273 4286 rde-

173 4313 197 4361 p.
210 4301 265 4348 253.
278 4299 323 4348 lin.
336 4303 374 4349 30.
387 4300 464 4349 Basil.
477 4299 562 4360 issa]
745 4299 850 4348 ductum
859 4300 1077 4360 cstamordendo3
1090 4302 1159 4350 etsie
1197 4302 1273 4352 ebraei

206 4372 218 4393 ¹¹
235 4363 295 4412 Non
302 4364 406 4421 occides,
414 4380 465 4413 non
472 4365 644 4424 moechaberis,
652 4379 703 4414 non
746 4364 828 4413 foenus
835 4365 970 4427 appellant,
980 4365 1039 4427 quia
1046 4365 1149 4424 arrodit,
1157 4371 1184 4415 et
1191 4367 1273 4431 paula

173 4429 270 4477 furtum
280 4428 362 4478 facies.
389 4429 469 4478 Exod.
481 4445 523 4480 xx.
534 4431 572 4491 13,
586 4430 624 4490 14,
637 4431 675 4479 15.
746 4429 795 4476 tim
806 4431 932 4478 consumit
940 4429 1044 4478 miseros
1054 4430 1176 4480 homines.
1203 4432 1273 4480 Dicit

208 4491 455 4621 {ilithtldliii
746 4488 927 4608 {retest
936 4493 1274 4621 cirecestrae
