2970 4914
184 268 228 331 68
604 281 706 331 mom
726 280 913 331 6666666666.

216 435 387 482 666666666616
400 434 432 482 66
449 433 599 483 Juramente
619 434 734 484 Fidelita·
782 435 906 486 61666666
923 434 954 494 1,
976 433 1028 482 aa
1048 431 1157 494 Aaplt'oe,
1180 447 1197 480 a
1220 430 1348 480 Pontifice

216 499 258 553 tis,
270 499 299 546 R
312 501 351 549 75.
364 502 402 546 69.
436 500 563 557 Quantam
581 504 734 562 potestatem
815 499 962 562 postulavit,
971 501 1002 546 ut
1008 497 1109 560 justitia
1119 497 1171 545 sibi
1179 496 1349 545 exhiberetur

216 562 244 610 in
261 564 341 624 Reges
359 563 477 611 Pontifex
499 564 547 611 sibi
562 564 682 622 vindicat,
703 565 733 612 R
815 564 848 612 de
858 564 930 612 Duce
941 561 1101 623 1666616611.
1114 562 1172 621 105,
1185 562 1247 610 106.

218 628 322 677 75-80.
352 627 455 689 Nupera
465 628 736 689 quendamdehacrea
783 655 914 666 ——-
932 628 978 686 11,
1000 626 1048 674 sub
1070 626 1126 688 ejus
1148 640 1233 688 regno
1256 624 1348 674 rustici

217 690 370 738 Bellarmino
381 691 485 753 prolata
498 692 526 740 R
539 694 643 740 80-89,
662 692 736 751 (Vide
817 695 879 740 6666
888 691 1048 750 tumultuati,
1060 691 1090 738 R.
1102 691 1161 750 416,
1173 690 1233 740 417.

217 754 278 803 Bell.
298 755 324 802 iu
343 756 505 817 Borcloiam.)
539 758 621 818 Reges
641 757 736 804 debent
784 755 1052 804 ——dcllads'o
1068 754 1142 804 Villa
1175 754 1246 802 Vide
1257 753 1348 802 Media

218 820 356 881 expergisci
367 821 399 867 ad
410 825 563 882 potestatem
574 837 644 868 suam
655 820 736 868 vindi·
824 819 897 880 Villo,
909 819 1033 869 Ricardaa
1044 819 1080 867 dc.

218 883 331 943 eandam,
352 886 381 932 R.
401 887 440 933 91.
473 885 539 932 Sunt
558 886 682 945 Pastores,
704 886 735 933 R
784 912 916 922 —
931 885 961 933 de
977 884 1002 932 8
1023 883 1121 932 Victore.
1155 881 1225 930 Vide
1243 881 1348 941 Victore,

179 949 184 959 '
220 948 259 998 97.
267 948 322 996 446.
333 949 388 997 446.
408 950 443 996 Et
453 949 575 997 Pontifiee
586 950 735 1012 superiores,
817 949 1012 998 manaa

219 1011 368 1072 R97.120,
382 1015 435 1062 121.
469 1014 530 1061 Solo
546 1013 601 1061 Deo
618 1014 735 1073 minores,
784 1013 1050 1075 Ripaloaaliraac,
1067 1009 1164 1059 crimen
1179 1010 1347 1058 committen-

219 1076 297 1128 R97.
326 1077 444 1125 Infideles
454 1077 523 1125 haud
534 1078 649 1140 privandi
659 1077 736 1140 impe
818 1077 881 1125 dum
902 1092 957 1125 esse
983 1075 1148 1125 revelandum
1169 1075 1291 1135 affimat,
1314 1075 1345 1123 T.

220 1141 322 1200 616666,
336 1143 365 1190 R.
380 1143 481 1201 99,100.
506 1142 737 1204 Quanquamaliter
818 1143 907 1201 357,6.

219 1204 311 1253 habeat
328 1207 352 1254 S.
372 1207 461 1254 Thom.
480 1206 582 1268 Aquin,
601 1208 631 1254 Β.
645 1207 684 1254 19.
697 1208 735 1255 09.
785 1205 923 1264 Rielatoaae,
934 1205 1002 1265 Ede,
1021 1201 1189 1266 temporalem
1209 1201 1348 1252 Pontificio

220 1270 302 1327 Quem
320 1270 435 1332 sequitur
451 1270 617 1330 Β6116666.,Β.
631 1271 739 1330 99,100.
852 1274 971 1318 testatem
989 1269 1098 1331 negavit,
1118 1268 1147 1315 T.
1167 1269 1214 1326 88;
1234 1269 1267 1316 R
1286 1269 1345 1316 494.

220 1333 315 1381 Eorum
337 1335 449 1382 dominia
469 1350 521 1382 non
542 1335 684 1383 fundantur
710 1335 737 1383 in
862 1334 938 1397 jussu
949 1334 1023 1396 Papae
1036 1349 1052 1380 a
1068 1333 1164 1395 Regna
1177 1331 1347 1381 defecturum

219 1397 276 1456 666,
289 1399 318 1446 R.
332 1401 386 1447 100.
420 1399 485 1447 Sunt
503 1399 676 1448 Cardinalibus
687 1414 737 1447 ma·
818 1414 873 1446 esse
884 1399 992 1461 negarit,
1003 1397 1031 1446 T.
1044 1397 1099 1450 970.

215 1461 292 1573 jssres,
305 1464 334 1510 R.
348 1465 402 1513 113.
431 1464 736 1540 EthsbyteriaR312l.
786 1463 908 1522 Robartau,
925 1464 977 1511 Rex
992 1461 1083 1521 866616,
1094 1461 1121 1509 in
1133 1460 1348 1536 eumflEdvardus

247 1526 735 1589 ..
787 1525 1339 1653 mma...

219 1653 352 1702 haereticos
368 1657 450 1717 primo
467 1657 535 1715 facit,
546 1657 605 1704 dein
623 1656 736 1719 deponit,
786 1656 921 1705 Rcloadae.
954 1654 1235 1713 videramelll.

221 1719 251 1767 R.
270 1719 324 1768 171.
367 1720 450 1767 Etiam
469 1735 521 1767 non
541 1721 653 1768 haretici
670 1736 737 1784 eaepe
788 1721 872 1780 166666,
900 1723 989 1768 utrum
1013 1719 1047 1768 eit
1074 1718 1196 1781 Babylon,
1225 1718 1255 1766 T.
1286 1719 1345 1770 217.

219 1782 334 1843 depositi,
355 1784 384 1831 R
405 1785 459 1843 173,
479 1786 533 1835 174.
573 1785 624 1832 Eos
642 1785 737 1848 populo

220 1861 267 1893 suo
286 1847 416 1895 inferiores
435 1849 496 1896 facit
514 1849 689 1909 Bellarminas,
706 1851 736 1898 R

220 1912 275 1969 421,
288 1912 342 1958 422.
352 1914 407 1971 426,
418 1915 471 1960 426.
490 1913 541 1961 Eos
552 1929 606 1961 6666
616 1930 631 1961 6
641 1913 738 1976 populo

220 1975 314 2022 electos
341 1977 436 2037 asserit,
464 1977 558 2039 populo
585 1983 738 2040 potestatem

219 2054 290 2086 auam
313 2040 339 2087 in
361 2041 450 2090 habitu
472 2043 605 2102 retinente,
629 2043 659 2090 R.
680 2043 736 2091 426.

221 2103 327 2160 Quando
333 2105 360 2152 in
369 2122 412 2154 666
419 2107 493 2154 liceat
501 2107 637 2168 insurgere,
645 2108 674 2155 R.
681 2107 737 2160 427.

221 2167 280 2215 Non
293 2175 353 2217 sunt
364 2187 440 2233 supra
451 2171 594 2230 Ecclesiam,
605 2172 634 2219 R
647 2173 702 2219 445.

252 2233 319 2280 aunt
335 2235 389 2282 Deo
407 2236 483 2294 cordi,
495 2235 523 2283 0.
534 2236 572 2286 66.
606 2236 649 2283 na
668 2235 738 2284 6666
766 2226 768 2231 ’

220 2297 264 2344 dat
276 2298 390 2359 salutem,
403 2300 431 2347 Ο.
442 2302 479 2347 55.
493 2301 530 2359 57,
544 2301 581 2347 58.
595 2302 634 2360 69,
646 2302 685 2349 63.
713 2300 737 2348 A

220 2361 274 2408 Deo
292 2367 352 2410 sunt
369 2364 483 2422 ordinati,
507 2366 535 2412 0.
556 2365 594 2412 69.
635 2366 685 2413 Ρ66
707 2365 737 2413 116

220 2441 306 2487 preces
328 2427 456 2486 habendae,
480 2428 507 2476 0.
529 2430 567 2476 66.
601 2429 667 2477 Sunt
689 2428 737 2477 Dei

219 2491 292 2550 servi,
312 2492 340 2538 0.
354 2494 391 2543 67.
437 2492 513 2540 161616
536 2493 643 2541 fuerunt
660 2493 737 2542 iidem

220 2555 368 2615 sacerdotes,
381 2556 409 2604 Ο.
420 2557 474 2614 170,
488 2559 541 2608 171.

186 2616 259 2730 11ιέ
275 2619 397 2680 aee-cici,
420 2621 535 2683 privandi
557 2621 663 2683 imperio
688 2636 737 2670 666.

255 2682 289 2741 ΙΙ.,
303 2684 330 2731 T.
343 2686 386 2743 29;
411 2686 440 2733 R.
453 2686 520 2733 xviii.
539 2688 577 2744 90,
595 2688 648 2734 100.
683 2686 736 2734 Sec.

219 2746 342 2795 815666.
360 2750 461 2811 Aquin,
480 2752 509 2798 R.
529 2752 566 2798 19.
588 2752 626 2797 99.
667 2750 737 2798 Exci·

220 2811 286 2859 duut
298 2813 384 2861 statim
398 2816 465 2862 omni
480 2815 539 2878 jure
557 2814 658 2862 secund.
670 2814 737 2863 And.

220 2875 403 2938 Philopatruru,
411 2879 438 2925 T.
449 2880 487 2928 66.
521 2879 580 2927 Non
592 2883 652 2926 sunt
663 2879 737 2941 depo·

219 2940 302 2999 nendi,
315 2942 342 2988 T.
356 2944 411 2998 696,
424 2945 477 2991 699.

186 3003 270 3063 166666
289 3005 396 3067 11666666
413 3007 485 3068 Papae
501 3006 640 3065 6615666616,
652 3021 738 3054 secun·

220 3067 282 3178 (ἐὲιὲη
299 3069 445 3128 Steuchum,
460 3071 566 3117 Martum
585 3075 611 3118 et
626 3070 695 3131 alios,
708 3071 736 3118 T.

186 3195 231 3243 Rei
250 3200 357 3257 possunt
374 3197 593 3259 adjuramentum
612 3198 685 3260 adigi,
708 3198 736 3247 0.

220 3261 326 3319 99,109.

188 3323 419 3437 Rc'lfifflgrfiMojcrum
430 3342 482 3375 uon
493 3342 592 3390 semper
603 3329 737 3392 sequenda,

186 3452 305 3516 adelaia
324 3456 474 3517 Sanctorum,
486 3473 538 3505 non
558 3462 619 3506 sunt
636 3458 738 3505 666666-

219 3518 266 3579 666,
294 3521 322 3568 Β.
347 3523 385 3580 61,
409 3538 459 3584 seq.
483 3524 537 3573 974.
583 3523 737 3570 Veneraudae

221 3589 288 3644 sunt,
308 3587 336 3633 R.
357 3587 411 3642 274.
446 3588 494 3634 Per
512 3587 629 3649 reliquias
649 3587 672 3634 S.
685 3587 737 3634 Ste-

220 3648 297 3709 phani
308 3651 428 3698 miracula
437 3652 532 3711 effecta,
545 3653 574 3700 R.
588 3654 625 3700 68.
649 3651 737 3699 Multae

220 3712 252 3759 de
263 3714 376 3775 reliquiis
387 3716 540 3777 impostura,
554 3717 583 3763 R.
597 3717 635 3766 70.
670 3717 737 3774 Quae

220 3777 323 3825 damnat
334 3781 408 3827 Cone.
423 3781 506 3827 Carth.
516 3781 555 3838 V,
568 3781 597 3827 R.
611 3781 649 3839 70,
662 3780 679 3827 f.

186 3839 387 3892 116666660666.
396 3844 735 3892 VideCouciliaanRJaemeuee.

187 3904 282 3965 Bibere,
296 3907 391 3967 Frena,
409 3909 516 3956 Romam
527 3924 541 3955 a
552 3909 601 3954 fide
617 3909 737 3956 discessu-

220 3974 312 4016 ramat
327 3972 482 4034 Babylonem
500 3973 593 4020 iterum
612 3973 666 4020 fore
683 3988 737 4020 cen·

220 4033 279 4092 suit,
287 4035 314 4080 T.
322 4037 376 4094 222,
386 4052 407 4094 ο,
417 4042 480 4098 p;et
487 4038 573 4085 sedem
579 4037 737 4097 Antichristi,

221 4095 248 4142 T.
262 4099 316 4144 610.
351 4100 485 4162 Trajanum
497 4103 556 4163 equi
567 4102 655 4164 pallidi
663 4117 739 4150 66666-

219 4175 274 4208 rem
292 4165 395 4223 ceneuit,
415 4166 444 4212 R.
458 4167 511 4225 379,
529 4167 552 4214 b.
582 4167 739 4214 11616666666

220 4239 266 4285 per
279 4241 374 4287 equum
384 4229 485 4289 nigrum
496 4231 628 4279 haereticos
639 4247 692 4278 6666
703 4231 738 4278 in·

220 4289 376 4352 telligendos,
390 4293 419 4339 R.
433 4295 486 4353 381,
498 4295 523 4342 h.

821 1785 927 1842 Quando
939 1784 1052 1846 Babylon
1064 1798 1117 1831 esse
1128 1782 1243 1844 coeperit,
1249 1783 1279 1831 T.
1286 1785 1345 1834 217.

821 1849 881 1897 Non
893 1850 974 1897 Roma
985 1849 1098 1906 Ethnica,
1112 1847 1139 1895 T.
1152 1848 1200 1895 218
1211 1863 1217 1905 ;
1240 1848 1271 1895 Β.
1285 1849 1345 1896 815.

821 1913 954 1971 Quomodo
966 1913 1000 1961 eit
1007 1913 1148 1971 interitura,
1160 1911 1189 1959 T.
1198 1913 1256 1960 918.
1277 1912 1347 1961 Prin-

821 1977 945 2026 dictiones
961 1977 1038 2039 hujus
1049 1977 1086 2025 rei
1096 1977 1124 2024 in
1135 1976 1300 2038 Apocalypsi,
1312 1975 1345 2026 T.

821 2042 876 2089 990.
915 2042 1070 2089 Testimonia
1091 2042 1204 2099 Petrum,
1228 2041 1258 2088 T.
1280 2041 1344 2102 919;

821 2106 851 2154 R.
861 2107 915 2165 408,
924 2105 940 2154 i.
967 2106 1100 2154 Riberaeet
1111 2105 1187 2152 Blasii
1197 2105 1230 2152 66
1241 2105 1345 2168 Viegas,

821 2170 849 2218 T.
863 2172 917 2218 999.
951 2170 1047 2218 Futura
1058 2169 1129 2218 66666
1139 2168 1303 2230 Antichristi,
1313 2171 1344 2218 T.

821 2235 882 2294 8103
899 2235 928 2282 R.
941 2235 980 2282 26.
997 2236 1052 2283 815.
1086 2234 1109 2282 Α
1127 2234 1214 2281 decem
1226 2234 1346 2296 Regibus

820 2314 912 2358 arsura
923 2299 950 2346 T.
961 2300 1016 2347 810.
1049 2299 1115 2346 Mala
1125 2298 1160 2346 ibi
1171 2298 1278 2346 vivendi
1286 2314 1346 2347 con-

820 2363 892 2421 ditio,
912 2364 941 2412 R.
955 2365 1009 2412 164.
1044 2363 1198 2424 corruptum
1218 2361 1278 2424 ejus
1295 2367 1346 2411 sta·

820 2426 1346 2490 6666163666Ρ6666665666Μ66666666,

822 2493 851 2541 R.
865 2494 919 2552 154,
933 2493 987 2540 155.

787 2555 946 2606 amnem
956 2555 1039 2618 Angli,
1051 2555 1122 2604 nulla
1138 2555 1174 2603 616
1190 2555 1346 2617 desperandi

819 2620 878 2668 data
901 2621 1002 2680 6666616,
1026 2620 1054 2667 T.
1078 2619 1206 2678 98—102;
1228 2619 1260 2667 Β.
1286 2621 1344 2669 140.

821 2684 902 2743 Quare
913 2686 998 2733 ineos
1016 2684 1083 2746 leges
1100 2683 1165 2743 16666,
1181 2683 1210 2731 T.
1223 2684 1273 2732 154
1283 2700 1291 2743 ;
1311 2686 1345 2734 Β.

820 2750 957 2800 487-489.
1002 2749 1082 2797 Erant
1105 2747 1261 2808 Proditores,
1286 2751 1344 2799 164.

821 2815 877 2873 867,
889 2829 938 2876 seq.
958 2814 987 2861 Β.
1000 2814 1055 2873 480,
1067 2814 1122 2861 440.

787 2878 924 2927 1666666666
947 2878 1015 2928 Omra
1050 2876 1115 2927 Vide
1138 2875 1276 2926 Concilium
1298 2877 1346 2928 aa

787 2959 945 3065 Rmmuddomldnue,
957 3022 972 3054 6
984 3005 1091 3054 Baronio
1108 3005 1206 3064 citatus,
1218 3004 1345 3055 calcatam

820 3071 898 3119 fuisse
910 3071 976 3119 Frid
989 3071 1008 3118 1.
1021 3069 1143 3118 ceruicem
1154 3073 1235 3131 negat,
1246 3069 1344 3119 R.489.

787 3134 878 3194 666666,
891 3136 1016 3184 46666666
1025 3151 1048 3193 6,
1060 3133 1226 3196 temporalem
1237 3133 1346 3183 Pontifi-

820 3199 856 3249 cis
867 3203 1019 3262 potestatem
1030 3199 1138 3260 negavit,
1151 3198 1178 3244 T.
1189 3199 1227 3258 61,
1239 3213 1261 3245 a.
1287 3199 1345 3247 Dis·

820 3264 980 3380 &nysffms
991 3264 1076 3326 legum
1085 3278 1138 3310 6666
1150 3262 1256 3310 vulnera
1267 3262 1344 3324 dixit,

787 3391 893 3453 RcseRie,
905 3392 1028 3441 Aatmu'ae
1037 3407 1060 3451 6,
1071 3391 1237 3453 temporalem
1254 3390 1345 3439 Ponti·

820 3457 873 3506 6616
885 3460 1038 3520 potestatem
1049 3456 1158 3518 negavit,
1171 3455 1198 3502 T.
1212 3455 1250 3513 61,
1263 3454 1290 3502 b.

787 3521 901 3582 Roaeoeae,
921 3522 937 3569 i.
944 3537 964 3568 e.
983 3521 1046 3570 6666.
1059 3520 1184 3581 1166661666,
1206 3518 1251 3565 ‘de
1268 3519 1344 3580 justa

820 3587 975 3648 Reipublicae
995 3585 1142 3633 Christianae
1160 3584 1186 3631 in
1198 3583 1280 3644 Reges
1296 3584 1344 3632 im·

820 3652 875 3714 pios
887 3655 913 3698 et
924 3651 1054 3698 haereticos
1065 3646 1229 3706 auctoritate,'
1241 3647 1270 3694 T.
1285 3648 1343 3708 126,

820 3731 840 3763 a.
875 3716 905 3763 In
923 3715 971 3762 566
989 3715 1060 3773 11566,
1072 3713 1154 3775 qualis
1169 3714 1343 3760 excommuni-

820 3781 884 3828 catio
896 3781 929 3827 sit
943 3779 1080 3826 necessaria
1090 3778 1122 3824 ad
1132 3791 1203 3839 reges
1214 3776 1344 3837 deponen-

800 3863 802 3869 ·
820 3845 873 3904 dos,
886 3844 1004 3902 ostendit,
1017 3844 1045 3890 T.
1056 3844 1109 3890 126.

787 3909 903 3970 Raffimas,
922 3909 1015 3956 librum
1033 3906 1125 3954 Judith
1144 3921 1190 3967 pro
1213 3904 1343 3954 Canonico

820 3973 889 4021 haud
905 3973 1000 4031 habuit,
1019 3973 1046 4018 T.
1060 3973 1114 4019 488.
1148 3970 1210 4032 Ejus
1226 3969 1344 4018 testimo·

821 4039 893 4085 uium
904 4038 935 4084 de
946 4037 1017 4083 libris
1028 4036 1166 4094 6666661616,
1179 4035 1208 4082 Β.
1217 4035 1272 4080 212.
1283 4036 1340 4083 366.

822 4102 993 4154 Theodosium
1004 4101 1150 4150 auxiliuma
1161 4100 1222 4156 Deo,
1235 4098 1341 4146 Sancto-

821 4181 878 4213 rum
895 4165 1079 4225 intercessione,
1091 4164 1239 4226 postulasse,
1256 4162 1285 4209 R.
1301 4165 1341 4223 59,

822 4234 848 4278 66
870 4234 928 4277 ante
956 4231 1097 4293 Martyrum
1118 4228 1204 4275 thecas
1228 4227 1343 4288 jaciusse

821 4295 907 4354 refert,
920 4296 948 4344 R.
963 4296 1014 4348 67.,

187 4373 316 4431 1616666666,
328 4373 360 4427 8.,
375 4368 476 4428 0166666,
489 4372 577 4415 contra
588 4348 738 4413 sententiam
788 4359 909 4420 Repertus
918 4360 1044 4419 Tuitcaer's,
1052 4359 1083 4406 de
1090 4339 1167 4420 regno
1178 4355 1342 4419 Antichristi,

221 4449 297 4512 Regis
308 4441 448 4508 Episcopus
460 4436 562 4495 electus,
577 4436 606 4495 R,
617 4435 671 4482 202.

821 4427 851 4474 R.
865 4427 918 4486 393,
931 4441 955 4473 u.
989 4426 1027 4472 Dc
1040 4424 1094 4472 Elia
1113 4427 1171 4471 aute
1189 4422 1344 4472 Adventum
