2970 4914
261 268 325 332 212
597 279 767 328 amuousro
788 279 831 327 uu
853 278 948 327 nuum.
964 278 1012 326 111.

263 438 393 522 aliquid,
415 436 500 521 quod
522 438 563 500 sit
575 439 663 520 juris
682 434 790 517 diuini,
805 459 872 501 non
887 444 935 501 est
940 439 998 519 jus
1013 436 1151 503 divinum
1166 446 1368 524 proculcare.

265 541 362 606 Absit
376 542 472 606 modo
487 541 613 604 animus
627 541 815 605 obfirmatus
830 547 863 605 et
877 541 1035 625 pertinax,
1051 541 1181 608 haeresis
1196 567 1265 610 non
1279 546 1345 611 erit
1359 568 1367 608 ε

265 647 312 710 At
328 645 355 708 si
377 645 506 708 haeresis
529 644 571 707 sit
592 643 689 728 (circa
708 664 747 708 ea
766 665 837 727 quae
857 644 1069 727 Disciplinam
1091 647 1284 731 attingunt),
1300 669 1368 713 non

264 746 324 811 crit
339 747 491 811 intereas
507 768 585 830 quas
601 747 678 810 dicit
692 748 809 810 Petrus
824 743 960 832 αἱρέσεις
975 744 1136 816 ἀπωλείας
1146 759 1170 813 ¹¹.

307 849 405 913 Absit
421 856 530 914 autem
551 857 589 913 ut
610 849 646 913 in
667 851 749 912 ullas
771 870 831 932 ego
850 856 883 912 te
903 870 1016 932 cogam
1031 853 1203 932 uupustius.
1249 854 1368 937 Neque

265 953 352 1017 enim
372 960 478 1017 tacere
496 953 583 1017 volui
604 960 638 1016 te
660 953 705 1016 sic
727 974 747 1016 a
768 953 893 1015 lessuta
915 953 1099 1017 lacessitum.
1147 955 1257 1019 Scribe
1280 978 1366 1035 vero,

266 1056 400 1120 omnino
423 1056 543 1119 scribe:
567 1055 709 1119 scribens
724 1062 844 1133 tamen,
862 1055 907 1118 sic
922 1063 980 1118 tua
994 1061 1096 1135 tuere,
1112 1064 1150 1119 ut
1165 1079 1245 1139 quse,
1261 1059 1368 1122 aliena

265 1180 332 1222 non
358 1159 430 1222 dico
457 1167 491 1223 ct
516 1159 598 1221 nihil
621 1159 662 1222 ad
689 1165 733 1237 te,
755 1159 821 1221 imo
845 1180 915 1241 quae
936 1165 969 1222 te
999 1159 1199 1242 aliquantum
1225 1162 1368 1225 attinent

269 1263 354 1343 (cum
369 1269 481 1326 nostra
496 1284 515 1325 a
528 1269 562 1325 te
578 1261 683 1325 aliena
696 1283 764 1325 non
779 1261 856 1343 siut)
874 1284 916 1325 ne
930 1262 1114 1344 restringas.
1147 1265 1192 1326 Et
1207 1284 1249 1326 en
1263 1265 1368 1329 latum
1418 1262 1421 1267 ’

264 1367 318 1431 hic
339 1367 399 1430 tibi
417 1386 576 1448 campum,
599 1365 635 1427 in
657 1386 720 1448 quo
743 1365 866 1447 ingenii
888 1365 953 1428 vim
979 1366 1076 1448 (quod
1094 1366 1194 1430 habes
1215 1388 1293 1431 sane
1313 1389 1367 1430 ex-

264 1470 389 1552 imium)
408 1469 511 1553 possis
526 1489 682 1531 exserere.
728 1468 872 1532 Omnino
895 1476 1005 1532 autem
1030 1490 1199 1552 uespere·
1221 1477 1368 1552 possete

266 1569 528 1658 ἐπαμφοτερίζειν
536 1580 558 1634 ⁰.
614 1571 673 1633 Tui
687 1572 725 1634 de
740 1577 770 1634 te
784 1577 1026 1653 conquerentur:
1049 1573 1162 1636 Nostri
1182 1571 1369 1636 defensione

265 1675 327 1739 ista
341 1696 408 1740 non
424 1675 565 1758 egebunt
579 1699 585 1737 :
609 1674 760 1757 utrinque
774 1675 892 1758 peribit
906 1674 967 1738 tibi
982 1675 1095 1758 gratia.

309 1779 379 1841 Etsi
392 1785 500 1841 autem
511 1777 667 1840 euidenter
681 1778 745 1840 luc
753 1778 832 1840 sutis
843 1779 877 1839 iu
889 1777 999 1840 Sacris
1010 1778 1128 1840 biteris
1139 1762 1367 1858 contineantur,

238 1864 242 1869 ¹
267 1881 292 1944 si
308 1882 360 1944 cui
374 1881 484 1944 oculus
499 1880 603 1944 bonus
619 1880 678 1942 sit:
701 1886 812 1942 tamen
833 1900 893 1942 nec
909 1881 1102 1960 principium
1116 1880 1198 1942 illud
1210 1881 1255 1942 sic
1269 1879 1369 1944 habet

265 1993 304 2047 ut
319 2007 338 2047 a
352 1993 384 2048 te
399 1984 548 2067 positum.
593 1985 672 2047 Non
683 1983 770 2046 enim
784 2003 851 2064 que
871 1984 976 2064 adjus
988 1984 1146 2046 diuinum.-
1171 1983 1226 2047 sed
1240 2005 1313 2066 quae
1328 1984 1369 2048 ad

266 2088 363 2151 fidem
381 2088 542 2172 pertinent
563 2107 731 2170 moresque
750 2085 878 2150 vivendi
887 2111 896 2164 3
921 2108 991 2170 quae
1015 2086 1055 2149 ad
1064 2088 1121 2168 jus
1143 2087 1281 2149 diuinum
1300 2108 1369 2150 non

268 2191 491 2274 adaequantur.
1145 2178 1154 2190 ’

308 2296 438 2359 Poteras
455 2315 539 2372 vero,
556 2301 682 2377 poteras
705 2293 802 2377 (quod
825 2300 863 2356 tu
883 2292 973 2376 dicis)
992 2299 1190 2374 pertractate
1209 2293 1368 2356 scribere:

264 2396 291 2460 si
315 2396 390 2461 inde
412 2419 551 2475 exorsus,
567 2418 635 2460 non
649 2395 706 2460 ubi
727 2416 816 2459 uoces
834 2397 1037 2477 promiscum
1061 2397 1116 2460 sed
1135 2395 1193 2458 ubi
1217 2396 1303 2478 (cum
1317 2416 1370 2459 res

262 2522 386 2583 semper
409 2500 580 2583 distinctae)
598 2520 713 2563 vocum
739 2519 865 2582 quoque
887 2497 1038 2562 distincta
1060 2519 1130 2562 esse
1150 2498 1246 2581 coepit
1270 2497 1371 2581 signi-

262 2603 378 2667 ficatio.
424 2605 455 2667 A
469 2602 599 2668 vocibus
615 2602 794 2685 aequivocis,
811 2596 956 2684 confusa,
962 2604 1140 2683 promiscue
1154 2602 1280 2680 luditis,
1289 2621 1370 2683 pos·

262 2706 352 2768 sibile
368 2706 425 2768 tili
433 2705 513 2787 suit,
528 2726 589 2770 nec
603 2705 670 2768 ulla
683 2711 717 2767 te
731 2705 904 2768 necessitas
919 2704 995 2768 inde
1009 2704 1138 2787 impulit
1154 2703 1262 2768 ordiri.

308 2808 391 2871 Tum
417 2815 450 2871 et
474 2807 638 2872 occasione
663 2807 822 2871 abstinere
847 2806 1026 2870 divertendi
1049 2806 1089 2869 ad
1109 2827 1179 2870 nos.
1224 2807 1274 2868 De
1288 2806 1370 2888 Epi-

265 2910 368 2990 scopis
387 2911 590 2974 institueras:
615 2909 787 2973 dicendum
802 2917 872 2973 erat
888 2909 927 2973 de
949 2909 999 2988 iis,
1016 2909 1118 2992 deque
1133 2909 1202 2992 ipso
1223 2930 1369 2974 munere.

269 3014 320 3077 De
335 3012 472 3094 Angliae,
490 3012 567 3095 quid
591 3011 732 3075 attinet?
777 3013 833 3076 An
847 3012 882 3076 id
896 3013 1022 3076 licitum
1037 3011 1114 3076 facit
1136 3012 1265 3094 Anglia,
1283 3013 1371 3095 quod

269 3119 359 3181 entra
372 3113 527 3196 Angliam
541 3114 692 3177 illicitum
705 3114 718 3179 l
744 3114 875 3178 Abusus
885 3115 1054 3178 hominum
1070 3114 1209 3197 (ubiubi
1224 3115 1371 3196 gentium

269 3215 400 3298 fuerint)
428 3216 560 3279 taxandi
589 3222 682 3280 sunt:
720 3238 839 3280 munus
875 3217 980 3301 ipsum
1008 3217 1208 3300 (quacunque
1237 3217 1371 3282 tandem

267 3318 411 3402 regione)
432 3318 518 3382 idem
538 3326 604 3396 est3
628 3341 705 3399 ase,
729 3319 766 3385 in
789 3341 832 3398 se,
851 3319 891 3383 de
914 3341 947 3382 sc
966 3319 1147 3402 legitimum
1169 3326 1235 3382 est:
1258 3341 1319 3383 nec
1345 3321 1372 3384 si

268 3423 419 3506 Episcopi
441 3423 519 3488 boni
533 3445 601 3487 non
613 3431 699 3503 sunt,
716 3423 925 3507 Episcopatus
944 3423 1012 3507 ipse
1035 3444 1103 3486 non
1117 3422 1231 3487 bonus.
1277 3424 1370 3489 Imo:

269 3525 311 3588 sit
326 3526 546 3609 Episcopatus,
561 3547 604 3590 ne
620 3527 684 3590 sint
699 3527 858 3610 Episcopi,
874 3526 937 3589 nisi
951 3525 1076 3588 nomini
1089 3525 1311 3609 respondeant.

317 3629 381 3692 Sed
402 3629 456 3692 hic
478 3637 588 3694 tamen
619 3629 806 3692 asteriscum
836 3629 922 3712 (scio)
954 3636 1127 3712 apponeret
1158 3630 1237 3693 Rex.
1287 3631 1371 3694 Cum

270 3731 494 3813 Episcopatum
509 3733 625 3812 repetis
641 3732 680 3794 ub
691 3733 769 3812 ipsis
779 3731 929 3794 Ecclesia
943 3731 1122 3794 iucunulul
1151 3759 1160 3793 :
1185 3732 1268 3795 Cum
1277 3733 1299 3795 J
1301 3754 1373 3797 aco·

270 3833 350 3897 bum
375 3835 476 3916 iusum
500 3836 642 3915 opnoscis
666 3835 856 3916 Episcopum
874 3833 978 3915 fuisse
997 3835 1324 3916 Hierosolymitunum,
1342 3843 1373 3900 et

273 3938 365 4019 loupu
388 3939 468 4000 serie
492 3938 531 3999 ub
554 3959 588 4000 eo
609 3938 773 4000 deductum
798 3937 876 4000 inibi
891 3937 1119 4018 Episcoporum
1140 3940 1370 4002 successionem.

154 4046 217 4110 197
275 4039 357 4101 Cum
380 4038 514 4103 Atrium
534 4039 654 4104 iterum
681 4041 750 4123 jam
774 4040 912 4103 damnus.
956 4041 1019 4119 En,
1043 4038 1154 4118 habes,
1181 4062 1239 4123 pro
1268 4041 1373 4105 tribus

274 4139 373 4202 obelis
397 4142 561 4204 asteriscos
587 4142 733 4205 totidem.
777 4142 954 4206 Verissima
978 4143 1066 4205 enim
1085 4143 1154 4206 haec
1176 4149 1262 4222 sunt,
1279 4151 1312 4208 et
1334 4166 1373 4207 ex

273 4248 419 4305 veterum
448 4244 617 4323 sententia,
644 4245 695 4308 vel
720 4245 846 4323 Irenaei,
878 4246 933 4328 qui
957 4252 1102 4310 veterum
1123 4268 1240 4328 agmen
1263 4247 1372 4311 ducit:

273 4344 403 4426 Apnitio
423 4365 497 4408 uero
521 4353 567 4408 est
584 4349 805 4429 Apostolorum
828 4348 980 4426 doctrina,
1002 4355 1032 4411 ct
1059 4350 1204 4431 antiquus
1222 4349 1373 4413 Ecclesia

290 4481 301 4504 ¹¹
320 4471 474 4522 Pemioiosas
484 4473 597 4523 haereses.
616 4473 640 4538 [2
654 4473 707 4524 Pet.
720 4475 747 4525 ii.
760 4473 794 4538 1.]
892 4482 903 4505 ⁰
920 4475 1035 4526 Medium
1046 4480 1072 4526 et
1083 4476 1220 4540 ancipitem
1232 4480 1374 4538 tegerem
