2970 4914
518 283 612 332 rarsi
632 282 786 330 nonium.
1070 264 1075 271 ’
1142 263 1205 328 187

110 432 307 517 Episcoposi
351 437 406 499 An
428 441 478 499 est
502 435 728 518 Apostolicum
748 434 871 498 factum
892 432 1029 516 aliquod,
1042 434 1118 514 jare
1140 453 1207 496 non

110 533 318 617 Apostolico?
361 537 545 619 Apostolico
568 544 686 614 autem,
709 536 744 599 id
769 543 819 599 est
840 536 887 617 (ut
914 555 974 618 ego
998 534 1204 617 interpretor)

111 637 224 701 diaiao.
269 640 341 704 Nec
356 640 444 704 enim
460 640 580 723 aliquid
595 640 635 703 ab
650 641 811 721 Apostolis
832 615 965 717 factiim,
981 622 1048 702 non
1063 638 1208 701 dictante

110 738 171 802 hoc
196 740 235 802 iis
266 741 389 822 Spiritu
419 742 536 805 Sancta
565 748 598 805 et
626 742 753 805 Diaiaa
797 740 923 804 Eodem
949 740 1079 822 quidem
1105 739 1144 822 (si
1168 739 1215 802 ab

15 860 18 864 ’
109 843 281 927 Apostolis)
298 846 381 929 jure,
395 867 458 928 quo
474 847 597 928 Septem
611 845 669 923 illi,
686 866 775 928 quos,
790 845 842 908 vel
856 851 894 907 tu
908 843 998 907 dabis
1014 844 1117 906 dioiao
1123 844 1209 923 jare,

109 945 218 1009 fuisse.
262 949 420 1012 Diaconos
441 969 493 1012 eos
515 950 547 1012 S.
573 947 740 1032 Scriptura
760 968 920 1030 nusquam
943 944 1032 1024 dicit,
1057 945 1212 1009 Ecclesiae

111 1052 240 1110 tantum
260 1069 298 1111 ea
311 1071 373 1114 vox
391 1057 475 1114 este.
522 1051 632 1132 Spero,
656 1049 741 1132 'quod
755 1049 902 1130 Apostoli
923 1047 1079 1125 fecerunt,
1094 1047 1211 1110 Divico

103 1148 180 1229 jare
204 1149 335 1215 fecisse:
368 1173 474 1236 neque
497 1151 610 1234 negari
633 1158 736 1235 posse,
761 1171 872 1214 eorum
893 1148 988 1231 facta
1016 1149 1067 1232 (de
1093 1148 1211 1232 quibus

112 1249 241 1331 quidem
264 1253 403 1336 constat)
430 1274 498 1316 non
525 1253 612 1317 dicta
637 1253 751 1330 solum,
777 1253 828 1316 vel
853 1251 980 1334 scripta,
1005 1252 1103 1314 diaiai
1123 1251 1213 1332 jaris

112 1353 220 1416 fuisse.
263 1355 335 1418 Nec
351 1376 422 1437 quae
445 1355 573 1439 scripsit
588 1355 630 1418 ad
645 1355 829 1420 Corinthios
842 1355 957 1430 modo;
982 1353 1038 1417 sed
1052 1360 1085 1416 et
1100 1360 1212 1416 catera

112 1456 178 1533 illa,
189 1477 260 1538 quae
272 1457 454 1520 Corinthum
463 1459 586 1521 recisas
598 1459 749 1539 disposuit
755 1470 777 1536 ⁰,
793 1457 833 1539 (si
846 1457 885 1520 de
900 1457 940 1520 iis
953 1456 1048 1520 nobis
1059 1456 1209 1538 liqueret)

112 1558 182 1640 pari
193 1560 266 1642 jure
279 1559 392 1623 fuisse:
415 1561 531 1623 Divico
546 1560 668 1624 scilicet
683 1566 716 1624 et
727 1561 796 1624 haec
811 1566 844 1624 et
858 1560 924 1637 illa,
937 1559 1088 1639 aSpirita
1096 1559 1212 1621 Divino

112 1667 259 1743 utraque.
304 1663 376 1726 Nec
390 1669 511 1741 tamen,
527 1663 602 1745 quia
617 1662 717 1726 divini
728 1663 811 1746 juris
826 1669 913 1740 sunt,
928 1662 1001 1724 idco
1011 1661 1091 1743 fidei
1106 1663 1212 1741 capita

114 1763 249 1827 dicenda
269 1771 356 1828 sunt.
400 1764 454 1830 Ad
476 1767 597 1847 operata
619 1766 780 1844 Ecclesiae,
802 1771 949 1848 spectant
970 1765 1060 1828 haec:
1084 1763 1125 1827 ad
1147 1785 1213 1827 cre-

114 1867 215 1929 denda
235 1874 344 1930 autem
360 1874 415 1931 aut
431 1869 537 1950 capita
549 1867 639 1950 fidei,
655 1889 723 1932 non
736 1867 800 1930 nisi
814 1867 995 1950 improprie,
1011 1873 1211 1946 revocantur.

131 1974 134 1978 ’
156 1971 280 2032 Mirum
296 1991 379 2049 vero,
397 1970 482 2054 quod
504 1971 592 2050 dicis,
608 1977 760 2035 vestrates
775 1972 813 2034 de
828 1977 858 2034 te
873 1972 1029 2052 conqueri,
1043 1973 1137 2053 idqae
1151 1992 1213 2034 aaa

113 2072 258 2136 obscure:
286 2074 362 2134 lbra
375 2074 459 2154 qaod
471 2073 699 2156 Episcoparam
721 2094 848 2136 caasam
870 2075 989 2154 eperis;
1014 2074 1105 2156 quasi
1119 2073 1212 2156 Epis-

114 2175 201 2258 copis
223 2175 343 2239 infensi
362 2183 516 2240 vestrates
532 2177 607 2255 sint,
631 2198 759 2241 causam
776 2197 887 2240 eorum
902 2176 955 2258 agi
968 2177 1084 2254 nolint,
1101 2177 1214 2240 cadere

115 2299 210 2341 causa
225 2279 344 2342 velint:
379 2280 462 2342 Tum
484 2280 567 2360 qaod
586 2279 718 2342 Atriam
742 2279 912 2355 damnaris,
935 2300 1030 2361 quem
1050 2278 1214 2342 damnavit

115 2381 192 2443 olim
213 2381 249 2444 in
263 2381 343 2444 Asia
356 2381 556 2464 Epiphanius
566 2394 590 2459 1’,
606 2381 643 2444 in
661 2383 792 2463 Europa
807 2380 1000 2445 Philastrius
1012 2393 1036 2459 (1,
1053 2382 1088 2444 in
1103 2382 1215 2446 Africa

108 2483 355 2570 Augustinus&
381 2484 548 2565 cujusque,
569 2490 641 2547 toto
656 2482 754 2560 Orbe,
776 2503 896 2545 nomen
918 2483 954 2545 in
979 2484 1214 2546 Haereticorum

115 2585 217 2668 nigro.
244 2586 317 2649 Nec
330 2585 504 2664 immerito,
519 2593 557 2650 ut
572 2587 625 2667 qai
639 2606 673 2650 se
688 2585 848 2648 caaseaari
862 2586 1049 2649 aniversalis
1063 2588 1215 2649 Ecclesia
1336 2625 1341 2635 ·

119 2689 167 2770 (ut
192 2689 262 2771 ipse
286 2688 409 2771 fateris)
434 2709 528 2751 came
546 2687 651 2769 fiaerit
673 2709 833 2770 apponere.
879 2688 1150 2771 Conquerendum
1174 2689 1214 2752 de

111 2790 178 2869 ,illis
193 2791 309 2873 potius,
326 2790 381 2873 qui
395 2790 436 2854 ob
450 2791 521 2855 haec
535 2790 575 2853 de
589 2797 622 2853 te
638 2797 890 2873 conqueruntur.

159 2894 247 2956 Nam
263 2893 348 2976 quod
362 2894 499 2956 resecari
513 2899 568 2956 taa
584 2913 645 2956 aaa
658 2894 707 2956 ais
727 2894 771 2955 ad
783 2895 905 2956 airam:
944 2893 1016 2956 Nec
1029 2893 1063 2956 id
1079 2895 1146 2977 agit
1160 2895 1214 2958 hic

31 3064 35 3072 ,
117 2995 295 3079 quisquam.
339 2996 427 3059 Nam
443 2995 471 3058 si
485 3002 617 3073 resecet,
632 2995 753 3059 haereat
768 2995 819 3059 vel
838 2997 874 3058 in
894 2995 964 3078 ipsa
984 2995 1194 3079 inscriptione
1203 3023 1213 3075 ;

118 3098 191 3162 Sive
205 3119 315 3162 vocem
335 3099 482 3161 Pastoris
504 3105 638 3181 spectes,
654 3098 719 3163 sive
740 3099 922 3162 vocationis.
968 3098 1103 3163 Novitia
1126 3107 1213 3180 sunt,

117 3208 150 3263 et
171 3202 317 3263 Pastoris
336 3201 408 3282 (hoc
430 3200 559 3282 quidem
585 3201 692 3283 sensu)
718 3208 751 3264 et
776 3202 948 3264 vocationis
971 3202 1124 3266 nomina:
1153 3225 1214 3268 neo

117 3302 179 3365 nisi
193 3303 347 3386 postremi
361 3302 459 3385 hujus
476 3303 593 3380 saeculi,
609 3324 647 3366 ac
666 3324 726 3367 nee
746 3304 833 3366 illius
853 3303 984 3386 integri.
1030 3305 1212 3388 Numquis,

39 3473 41 3477 ,
119 3427 235 3487 quaeso,
257 3406 414 3468 Veterum
434 3404 479 3468 sic
493 3405 620 3468 locutus
635 3412 685 3468 cst
699 3406 869 3488 unquam?
914 3405 1013 3488 Apud
1027 3422 1118 3489 quos,
1132 3410 1213 3472 Pas-

119 3514 220 3570 taram
243 3527 363 3568 nomen
383 3504 436 3568 vix
459 3507 598 3588 reperias
624 3493 789 3584 adhiberi,
802 3506 867 3569 nisi
893 3527 967 3568 cum
990 3507 1029 3570 de
1047 3509 1215 3591 Episcopis

118 3611 312 3692 loquuntur:
345 3629 432 3690 qaam
458 3609 601 3689 laquearii
623 3629 746 3672 morem
770 3610 885 3672 Petrus
912 3629 965 3671 eos
993 3609 1111 3690 docuit,
1139 3635 1214 3676 cum

120 3715 283 3775 Pastorem
304 3716 336 3773 et
352 3709 541 3791 Episcopum
563 3710 731 3794 conjunxit
753 3711 789 3773 in
813 3712 1009 3774 Servatare⁸.
1038 3713 1126 3776 Nec
1140 3715 1214 3778 illos

120 3837 262 3898 unquam
287 3815 375 3896 legas
397 3812 585 3895 indigitasse
608 3834 684 3877 voce
708 3814 778 3891 hac,
802 3813 857 3896 qui
882 3813 918 3876 in
942 3813 1032 3892 urbe,
1061 3815 1153 3898 quive
1179 3817 1214 3881 in

120 3939 205 4000 agro,
217 3914 325 3998 plebes
340 3921 442 3976 certas
457 3913 613 3977 curabant
628 3911 812 3998 παροικίαις
828 3913 1012 3978 distinctas:
1031 3917 1109 3999 quin
1118 3919 1213 3982 Prer.
1273 3919 1336 3981 172

120 4021 242 4102 apteras
264 4018 396 4094 urbicos,
420 4025 476 4080 aut
503 4015 712 4104 e’rraxapiovsl
732 4017 771 4080 ab
794 4007 953 4099 Episcopo
975 4017 1016 4080 ad
1034 4018 1070 4081 id
1094 4042 1213 4086 munus

153 4137 237 4186 nAct.
249 4135 284 4185 vi.
692 4134 980 4197 Partomasirin.
998 4137 1132 4203 soilli]

154 4210 165 4234 ⁰
189 4204 202 4249 1
216 4200 271 4250 Cor.
282 4199 333 4247 xiv.
346 4198 400 4262 [lep.
412 4198 446 4247 xi.
460 4198 510 4262 34]
724 4207 734 4231 ¹
752 4198 790 4262 [S.
803 4199 868 4260 Aug.
882 4199 959 4248 Libro
976 4200 1007 4250 de
1025 4201 1129 4263 Haeres,
1144 4204 1216 4256 Haer.

153 4274 164 4304 ¹³
175 4265 253 4330 [Vide
262 4263 289 4340 β.
298 4263 389 4327 Epiph.
398 4261 468 4311 Haer.
477 4263 545 4312 lxxv.
556 4262 647 4326 (herii)
691 4263 739 4357 liii.
758 4263 813 4324 0p.‚
825 4265 885 4338 tom.
897 4264 951 4312 viii.
969 4265 1014 4315 col.
1027 4269 1064 4316 55.
1075 4267 1118 4331 A.]

123 4329 178 4432 ΟΒ(
189 4326 484 4453 l'ohilab'trpibili'risbdddha
494 4390 647 4447 Haeresibus‚
725 4391 732 4422 l
750 4327 869 4439 lidihledl
883 4327 943 4391 [25¹]

123 4453 647 4520 HaerespostOhristumxliv.-—Gall.Bib.
