2970 4914
280 282 345 346 134
605 322 609 327 -
737 291 780 340 aa
801 288 924 351 asama,

280 461 314 517 et
339 450 476 516 fortunis
502 470 631 514 measa
661 447 788 534 θλῖψις,
815 447 893 510 dum
919 467 938 508 a
958 442 1188 527 foennatoram
1209 437 1383 503 nominibus

281 557 403 619 aiacem
418 555 548 619 illorum
565 553 614 636 (ut
628 553 677 635 fit)
697 550 901 629 arrodantur,
916 548 1073 625 nnciam,
1090 563 1227 622 eamne,
1243 542 1385 605 obsonia-

282 678 352 722 ram
367 659 508 720 caritate.
553 655 717 719 Audacter
732 653 814 731 dico,
830 673 926 735 supra
939 651 1052 712 millies
1065 649 1191 711 millena
1206 645 1386 709 centenaria
1409 635 1412 639 ’

191 818 196 825 .
285 760 457 845 quotannis
486 759 650 823 ducrmtur
671 755 794 838 sanare
809 782 820 830 ‚·
849 755 919 838 jam
941 755 1054 816 millies
1077 753 1208 814 millene
1237 751 1387 812 decnnm

286 865 406 928 abeunt
429 863 464 926 in
484 862 611 944 sanas.-
650 860 787 924 Nihilne
808 856 947 938 beneficii
966 856 1097 937 publici,
1123 854 1152 917 si
1176 859 1285 938 posset
1307 852 1386 914 Res-

280 967 410 1049 publica
425 963 596 1048 quotannis
610 969 703 1026 tanto
718 981 810 1024 onae
822 959 942 1023 levari?
988 957 1213 1041 Conduplicari
1228 955 1315 1019 enim
1328 975 1388 1017 ne·

287 1088 375 1132 cesse
390 1074 438 1130 est
452 1087 561 1131 rerum
576 1066 763 1142 terrationes,
779 1062 857 1126 dum
872 1067 974 1126 certat
988 1059 1095 1141 scenas
1109 1081 1184 1123 cum
1199 1061 1305 1131 lacro,·
1326 1077 1389 1121 nec

287 1171 322 1234 id
336 1170 432 1234 modo
447 1169 532 1253 quod
543 1167 679 1249 familie
693 1165 907 1250 impendatur,
923 1164 978 1227 sed
992 1163 1026 1226 id
1041 1163 1138 1226 etiam
1158 1161 1244 1246 quod
1258 1161 1390 1223 donata

289 1274 478 1351 exsolvatur,
492 1271 624 1356 majoris
632 1270 733 1352 pretii
747 1267 925 1332 indictione
940 1264 1191 1349 comparandum
1208 1269 1267 1328 est.
1294 1259 1390 1327 Reti-

128 1377 278 1507 diffidi]
289 1383 366 1440 ueto
382 1374 497 1456 senas,
513 1394 581 1438 nou
602 1393 733 1456 possum
747 1369 881 1434 minoris
895 1391 992 1453 quam
1008 1388 1076 1431 asse
1086 1369 1113 1440 ¹;
1136 1367 1275 1444 remitte,
1292 1365 1392 1428 ducas

260 1479 266 1493 '
290 1478 341 1543 vel
364 1479 518 1541 dodrante
542 1477 635 1540 licet:
664 1495 741 1538 sane
764 1472 865 1556 igitur
879 1471 1058 1553 foeanatar
1073 1469 1180 1552 frenas
1202 1490 1291 1533 mam
1315 1469 1391 1533 Res-

286 1581 425 1663 publica.

132 1790 253 1860 [urani
341 1781 401 1869 [1]
427 1783 471 1846 Et
493 1803 646 1865 quorsum
666 1781 766 1865 igitur
782 1783 920 1865 (quoeret
940 1782 1108 1865 quispiam)
1128 1801 1240 1844 usuras
1257 1778 1395 1845 Politice

41 1920 44 1925 ·
131 1871 266 1986 fflffi‘,
295 1887 463 1950 lerts'citas
477 1885 577 1949 faciti
608 1884 931 1962 Illeverononfacit,
940 1886 1100 1965 permittit
1113 1891 1261 1962 tantum3
1285 1890 1318 1947 et
1332 1883 1394 1949 hoc

132 1999 251 2101 affir-
295 1989 411 2072 ipsum,
430 1988 604 2069 pemissio
624 2008 700 2066 esse,
717 2008 845 2051 summo
867 1986 987 2051 scilicet
1010 1993 1201 2069 argumento
1215 1994 1274 2065 est,
1290 1988 1396 2050 licitas

132 2066 212 2178 finem]
296 2112 364 2157 uon
382 2111 467 2155 esse:
515 2088 681 2173 Siquidem
696 2089 784 2168 hoel,
801 2090 957 2153 cinctam
973 2111 1031 2154 sua
1044 2091 1181 2169 haereti,
1190 2090 1397 2171 permissione

133 2225 145 2257 ι
180 2221 202 2248 ι·
257 2217 264 2240 ·
297 2214 396 2260 noue
436 2187 518 2257 reti

134 2219 269 2396 taiadi&
347 2214 576 2379 [2.]geDeinde,
600 2315 661 2359 nec
685 2295 746 2360 hac
768 2293 837 2379 ipsa
855 2294 1062 2377 pemissioae
1077 2295 1301 2376 patrocinator
1322 2291 1397 2356 illis.

136 2363 285 2476 aldfridi]
298 2397 398 2463 Aliud
409 2405 458 2462 est
473 2398 560 2462 enim
569 2398 771 2479 patrocinari
776 2424 787 2472 ,·
802 2397 898 2477 aliud,
909 2399 1032 2461 modam
1040 2418 1168 2480 ponera
1190 2398 1399 2478 Erstispatas

298 2501 420 2580 mallet,
429 2507 467 2564 ut
482 2502 574 2564 nulle
588 2500 664 2579 sint,
678 2500 705 2564 si
719 2499 754 2564 id
768 2501 926 2583 cupiditas
940 2507 1121 2585 pateretur:
1144 2521 1232 2565 nuuc
1246 2499 1400 2584 quianon

299 2604 430 2687 patitur,
447 2605 699 2686 circumscriptas
712 2604 791 2683 vult,
807 2605 1025 2668 atmoderate
1040 2603 1115 2668 siut.

350 2706 413 2791 [3.]
443 2708 486 2771 Et
500 2707 570 2770 haec
583 2706 655 2790 ipsa
668 2707 840 2771 radantia
855 2707 932 2790 quid
948 2707 1035 2772 aliud
1055 2713 1114 2787 est,
1130 2727 1227 2790 quam
1241 2705 1333 2770 testis
1351 2705 1401 2788 (ut

300 2809 379 2873 olim
405 2809 527 2872 libellas
545 2809 668 2891 repudii
687 2809 773 2873 iuter
789 2808 925 2888 Jadeos,
944 2810 1092 2873 darnart
1113 2810 1305 2893 cartana)
1347 2809 1403 2873 Ita

303 2911 440 2974 codicilli
447 2910 582 2992 foenoris
596 2911 682 2975 inter
696 2912 901 2992 Christianos,
917 2914 1071 2976 aethram
1085 2915 1261 2977 ancoram?
1280 2912 1402 2975 Nallo-

303 3033 373 3076 rnra
393 3013 548 3097 (inquam)
564 3015 728 3094 ananam,
744 3036 782 3079 aa
795 3036 863 3081 non
878 3017 989 3098 tepide
1003 3017 1082 3101 jam,
1099 3017 1154 3080 sed
1169 3012 1403 3101 planefripide

305 3115 451 3180 caritatis
460 3113 485 3190 'r
507 3137 580 3199 quae
594 3117 621 3180 si
635 3118 686 3181 vel
700 3117 812 3182 leviter
827 3119 1049 3200 consuluisset,
1061 3121 1131 3205 jam
1142 3121 1242 3204 Lepes
1247 3119 1405 3202 sancires

306 3216 467 3300 suffragio,
484 3218 511 3282 si
525 3239 592 3283 non
607 3220 704 3301 jasir,
718 3219 805 3301 facti
820 3229 915 3302 certe,
931 3223 1051 3306 ubique
1066 3224 1213 3307 gentium
1229 3224 1406 3308 antiquatae

303 3318 490 3404 jacuissent.
514 3321 651 3386 Interim
666 3323 748 3387 nihil
762 3325 903 3389 inmane
918 3327 978 3408 lapi
993 3347 1066 3391 cum
1074 3326 1151 3409 floro
1169 3328 1406 3410 lieohpnnmr

308 3442 369 3486 neo
391 3423 466 3506 quia
484 3425 646 3506 paratim
667 3425 743 3506 illic,
759 3434 815 3490 aut
829 3427 1016 3510 modificata
1030 3437 1117 3510 sunt,
1133 3429 1207 3495 ideo
1220 3430 1275 3494 hic
1290 3430 1405 3503 liciter

310 3527 437 3610 quando
473 3528 648 3611 prudenter
680 3529 715 3593 id
744 3530 869 3595 dicatur
897 3555 917 3597 a
946 3535 1080 3612 Bucero,
1110 3534 1226 3597 Multis
1254 3535 1289 3598 in
1316 3533 1408 3597 redas

310 3630 465 3693 Mundam
488 3652 549 3696 non
568 3633 680 3696 taine
703 3635 787 3715 qaod
807 3637 917 3717 capet,
940 3637 1041 3699 Deam
1066 3643 1170 3700 tornea
1192 3637 1304 3700 iniere
1328 3636 1411 3718 qaod

312 3733 446 3797 darant.

193 3835 257 3898 126
362 3836 423 3920 [L]
442 3837 531 3900 Nam
546 3859 617 3921 quse
631 3838 693 3902 illis
707 3839 790 3903 ratio
804 3839 934 3922 plurimi
948 3848 1005 3920 est,
1017 3840 1112 3906 uobis
1125 3849 1174 3907 est
1188 3841 1290 3921 nihili,
1304 3842 1411 3904 Malo·

164 3960 242 4037 ⁸saera
257 3959 301 4009 Pa
313 3959 383 4002 rara
398 3942 621 4020 compensatio:
649 3947 682 4004 et
697 3961 768 4024 quse
782 3942 853 4006 illos
867 3943 950 4008 ratio
963 3965 1091 4009 movere
1105 3953 1221 4029 potest,
1232 3966 1301 4009 non
1315 3943 1411 4011 debet

164 4029 225 4074 Μ
236 4023 284 4087 Ῑ“·]
314 4061 405 4134 posse
419 4061 489 4119 nos,
505 4044 684 4124 Paapsrnm
699 4045 979 4132 προσωποληψία.
1025 4050 1100 4115 Quo
1117 4049 1219 4132 magis
1238 4049 1337 4113 miror
1358 4069 1412 4112 eas

155 4164 295 4228 [Malorum
314 4143 464 4222 rationes,
489 4166 509 4207 a
531 4146 692 4230 manaa
716 4147 843 4226 nostris,
871 4170 891 4211 a
914 4149 1047 4215 Calvino
1068 4152 1244 4235 praesertim
1267 4150 1413 4216 acerrimi

153 4243 267 4358 {gffffin'
312 4243 426 4330 judicii
454 4245 532 4326 viro,
556 4256 743 4332 usurpatas:
781 4249 832 4313 Ne
866 4250 993 4336 (inquit)
1027 4255 1117 4319 malti
1139 4261 1291 4336 patentes
1318 4274 1352 4317 se
1379 4253 1415 4315 in

317 4349 478 4430 anpastias
491 4351 645 4431 redactos,
661 4355 731 4434 ipsa
754 4354 967 4434 desperatione
989 4358 1175 4422 audaciores
1188 4357 1285 4441 facti,
1301 4358 1415 4440 abspes

473 4475 485 4506 ⁹
503 4475 589 4540 [uass.
602 4477 652 4527 ux.
665 4479 703 4541 a]
970 4490 979 4515 r
998 4483 1104 4547 [uacca.
1116 4483 1252 4548 usare]
