2970 4914
470 281 670 334 rnnomerci
689 283 940 332 nmmnmrrro.
1193 270 1257 336 137

209 434 269 518 [2.]
291 433 399 497 Multo
413 434 511 498 etiam
525 436 744 500 vehementior
758 436 896 500 Basilius
911 443 971 516 est,
987 436 1209 520 supplemento
1223 437 1259 500 in

160 538 325 601 Psalmum
343 537 391 619 (nt
405 537 453 600 illi
473 540 631 622 censetur)
649 538 710 602 xiv.
728 561 791 622 quo
813 540 883 603 loco
902 545 990 602 totus
1012 546 1060 602 est
1080 560 1137 623 per
1155 547 1260 604 totam

161 641 339 703 Homiliam
360 641 396 703 in
408 640 531 721 soencre
548 643 775 725 persequendo.
822 643 967 707 Remitto
982 665 1037 708 vos
1059 644 1152 707 illuct
1179 646 1262 707 Sen-

159 745 295 808 tentiola
315 751 426 808 tamen
446 745 523 824 hacc,
541 767 603 828 quo
627 747 735 809 animo
757 747 856 810 fuerit
880 768 955 830 erga
976 768 1098 826 ancras,
1122 748 1259 812 docebit.

124 896 125 899 η
160 845 325 915 [laetatos
335 844 389 922 ἐἷς
410 845 455 928 μὴ
470 845 620 926 δανείζον.
650 847 756 930 Πενῆς
771 846 821 923 είς
844 848 888 930 μὴ
904 847 1051 929 δανείζον.
1069 847 1112 913 Εἰ
1125 848 1183 931 μὲν
1197 849 1262 936 «γὰρ

160 947 311 1036 εὐπορεῖς,
328 948 364 1014 οὐ
378 949 511 1036 χρήσεις
526 949 674 1037 [χρῄζεις.
687 951 824 1035 Bened.]
846 949 1063 1033 δανείσματος,
1080 951 1109 1017 εἰ
1123 951 1158 1016 δὲ
1172 950 1262 1017 οὐδὲν

160 1051 254 1139 ἔχεις,
271 1050 329 1117 οὐκ
344 1051 511 1122 ἀποτίσεις
526 1050 563 1116 τὸ
579 1051 728 1118 δάνειονὶ

209 1156 268 1240 [3.]
298 1157 454 1219 Basilium
480 1157 615 1240 excipiet
639 1157 750 1222 Basilii
766 1157 866 1221 frater
889 1158 1064 1241 Gregorius
1081 1158 1261 1242 Nysscnus,

161 1261 307 1343 Epistola
322 1261 361 1323 ad
377 1261 528 1324 Letoium
543 1261 738 1344 Episcopum
753 1261 931 1346 Mitylenae.
968 1263 1068 1344 Atqui
1084 1264 1171 1344 apud
1183 1264 1262 1325 dici-

161 1386 233 1426 ιιανι
245 1367 452 1446 Scriptcrcm,
465 1371 495 1428 et
509 1363 601 1433 τόκος
610 1372 642 1428 et
653 1364 859 1446 πλεονασμὸς
874 1372 947 1428 sant
954 1367 1127 1447 prohibitu,
1140 1368 1264 1430 etiamsi

161 1467 216 1529 sub
228 1475 410 1530 contractus
426 1473 482 1530 act
496 1467 721 1530 transactionis
732 1470 833 1548 specie
844 1471 901 1531 Ιιοο
908 1468 1051 1550 sortasse
1058 1469 1182 1550 factum
1193 1471 1263 1533 sits.

162 1567 373 1650 Πλεονασμός
393 1577 501 1634 autem
521 1570 598 1652 qnid
611 1570 660 1632 illi
674 1571 726 1649 sit,
742 1570 916 1634 Balsamon
932 1572 1000 1655 jam
1016 1579 1091 1634 ante
1106 1571 1264 1654 interpre-

161 1680 248 1736 tatus
263 1672 338 1751 esth,
356 1675 560 1736 accessorium
575 1673 661 1756 quod
675 1681 791 1756 praeter
805 1681 919 1737 sortem
935 1675 1102 1758 contingit.
1148 1675 1265 1737 Fertur

163 1783 195 1839 et
207 1778 275 1860 ejus
289 1776 420 1840 nomine
431 1777 517 1860 apud
527 1777 740 1860 Aquinatem⁰
756 1777 894 1840 severior
905 1778 1023 1842 altera:
1047 1799 1114 1841 non
1128 1778 1261 1860 reperio,

161 1900 228 1942 non
242 1879 342 1962 igitur
356 1899 580 1943 commemora

212 1981 271 2064 [4.]
298 1960 392 2044 Alter
407 1981 561 2045 succedit¹
579 1981 654 2045 huic
670 1983 845 2065 Gregorius
860 1983 1095 2060 Nazianzenus,
1111 1980 1201 2069 λόγῳ
1219 1981 1263 2053 εἰς
1276 2001 1381 2115 ιχαις,

163 2081 217 2146 τὸν
231 2081 358 2170 πατέρα
382 2087 557 2148 σιωπῶντα
577 2082 646 2168 [διὰ
666 2084 724 2166 τὴν
744 2084 875 2167 πληγὴν
889 2088 945 2167 τῆς
964 2084 1130 2174 χαλάζης]
1170 2083 1211 2150 ‘O
1228 2084 1263 2150 δὲ
1275 2068 1359 2196 {agii
1369 2065 1424 2118 MS.

162 2184 255 2255 τόκος
276 2184 401 2270 [τόκοις
418 2188 507 2271 Bill]
529 2185 584 2252 καὶ
606 2186 812 2270 πλεονασμὸς
829 2190 1069 2272 [πλεονασμοῖς.
1094 2189 1183 2271 Bill]
1204 2187 1264 2270 τὴν

162 2293 223 2371 τγῆν
245 2288 360 2372 ἐμίανε,
387 2288 441 2354 καὶ
464 2289 610 2371 σννάιγων
624 2288 697 2355 ὅθεν
718 2289 776 2355 οὐκ
798 2291 938 2378 ἔσπειρε,
955 2290 1010 2355 καί
1033 2289 1161 2378 θερίζων
1181 2291 1263 2356 ὅπου

162 2392 206 2474 μή
229 2391 445 2480 διεσκόρπισε,
472 2396 620 2480 «γεωργῶν
645 2391 680 2458 οὐ
704 2391 764 2474 τὴν
791 2397 851 2474 χῆν
877 2392 967 2458 ἀλλὰ
989 2393 1047 2476 τὴν
1067 2393 1181 2481 χρείαν
1201 2399 1264 2460 τῶν

163 2494 345 2577 δεομένωνᾶ.

213 2603 272 2686 [5.]
300 2605 400 2667 Porro
419 2603 551 2686 quintus
576 2602 617 2666 sit
635 2603 884 2687 chrysostomus
906 2600 1128 2664 acerbissimus
1150 2602 1263 2666 multis

163 2703 198 2766 in
217 2705 294 2768 locis
320 2703 530 2786 τοκομάστιξ,
553 2726 611 2788 per
632 2705 806 2788 Epilogum
825 2711 932 2768 totum
952 2703 1105 2767 Homiliae
1122 2704 1158 2766 in
1175 2705 1264 2767 Mat·

164 2806 287 2874 thaeum
308 2809 373 2872 lvii.
390 2816 458 2872 tam
479 2809 627 2892 graviter,
646 2815 684 2871 ut
703 2808 740 2870 in
754 2808 853 2890 Leqcs
873 2828 998 2890 quoque
1017 2806 1103 2890 ipsas
1124 2808 1264 2890 asperius

163 2907 341 2975 invehatur.
390 2911 600 2974 (ἕνοοίοιίαιιιε
620 2911 834 2994 (dilectissimi)
852 2911 976 2973 morbus
991 2916 1021 2972 et
1036 2931 1146 2993 οιαριιο
1161 2911 1264 2972 studio

161 3011 315 3093 inciperes,
336 3014 449 3076 ιἰιιίιίίί
471 3015 505 3076 io
519 3014 723 3078 Ecclesiamt
769 3013 874 3077 Locus
899 3013 1040 3097 prolixus
1064 3020 1124 3091 est,
1149 3019 1265 3076 caetera

163 3113 225 3196 ipsi
241 3116 325 3198 apud
339 3139 394 3181 vos
417 3118 600 3199 percurrite.
647 3118 720 3181 Hoc
734 3117 803 3200 ipso
818 3117 920 3181 eloco
936 3116 1106 3180 verisimile
1120 3115 1201 3178 mihi
1216 3117 1263 3195 fit,

162 3217 258 3280 rebus
285 3219 534 3282 Christianorum
557 3219 750 3302 compositis,
776 3220 953 3282 Ecclesiam
975 3219 1043 3302 jam
1067 3226 1138 3282 tum
1160 3218 1265 3302 primo

163 3323 245 3382 malo
258 3319 394 3401 foenebri
418 3321 588 3384 laborasse.
633 3323 677 3384 Et
694 3321 886 3385 Homiliain
902 3323 984 3384 Gen.
1000 3320 1055 3384 xli.
1099 3321 1151 3382 Ab
1173 3322 1264 3383 initio

162 3423 283 3484 cheis
305 3430 509 3504 praeceperat,
534 3423 608 3485 Non
628 3421 811 3502 Ῑαιιεναόιζι.
867 3424 935 3495 Qua
964 3443 1036 3504 ονρο
1066 3424 1265 3486 accusatione

197 3645 206 3668 ²
223 3636 300 3686 Dives
311 3638 352 3686 cst
368 3651 399 3686 ne
410 3636 511 3685 foenera.
544 3635 694 3698 Pauperest
737 3634 769 3684 de
789 3633 864 3684 Malo.
885 3635 979 3693 Quaest.
999 3635 1056 3684 xiii.
1080 3634 1119 3684 Dc
1140 3635 1263 3695 Avaritia,

161 3716 196 3751 ne
215 3702 342 3752 foenerata.
376 3700 446 3750 Nam
463 3701 485 3749 si
503 3700 573 3749 dives
592 3714 626 3758 es,
641 3714 693 3749 non
736 3698 792 3748 Art
805 3699 838 3748 iv.
851 3703 863 3761 5
876 3701 914 3749 20.
932 3698 988 3762 Op,
1001 3702 1063 3748 tom.
1075 3714 1116 3747 xv.
1128 3713 1153 3762 p.
1161 3700 1261 3764 210.a.]

164 3782 222 3829 eges
238 3768 339 3816 foenore.
375 3767 402 3817 Si
420 3780 515 3829 pauper
532 3768 624 3825 antem,
641 3779 693 3814 non
768 3763 890 3813 ‘'l'oenns
911 3767 938 3814 et
959 3764 1143 3812 incrementum
1169 3767 1263 3812 terram

163 3836 202 3880 est
223 3832 290 3881 unde
312 3830 469 3896 solvas-[S.
485 3831 542 3880 Bas.
565 3829 642 3878 Hom.
664 3830 693 3878 in
735 3829 855 3892 conupit,
874 3829 936 3878 dum
951 3824 1050 3890 colligit
1064 3828 1108 3877 ubi
1121 3842 1174 3876 non
1192 3829 1263 3877 semi·

165 3896 206 3945 Ps.
219 3899 269 3946 xiv.
282 3912 335 3960 cap.
349 3900 371 3947 3.
390 3895 445 3960 Op,
456 3900 517 3945 tom.
529 3896 545 3944 i.
557 3909 581 3958 p.
590 3897 644 3944 110.
653 3892 691 3958 c]
735 3894 813 3954 navit,
823 3899 849 3943 et
857 3893 932 3943 metit
940 3893 984 3941 nbi
995 3907 1047 3941 non
1055 3892 1154 3954 sparsit,
1161 3907 1207 3941 nec
1216 3895 1263 3942 tera

195 3969 206 3991 ⁸
224 3961 304 4024 [Vide
316 3977 398 4024 supra,
409 3977 433 4024 p.
448 3962 502 4009 124.
520 3963 574 4009 not.
584 3967 602 4007 '.
734 3973 789 4008 ram
800 3959 862 4008 colit
876 3962 903 4008 et
915 3961 1021 4018 exercet,
1032 3957 1075 4006 sed
1093 3955 1263 4018 indigentiam

195 4023 207 4056 ¹²
226 4025 307 4088 [Vide
318 4040 400 4089 supra,
411 4041 435 4088 p.
449 4027 502 4074 124.
520 4028 571 4074 not.
583 4031 602 4072 ¹.
734 4022 950 4088 pauperum-[S.
963 4021 1036 4082 (ἔτος.
1056 4021 1119 4071 Naz.
1139 4022 1208 4072 Orat.
1220 4037 1262 4072 xv.

196 4097 206 4120 ⁶
223 4089 250 4154 [“
263 4089 402 4152 Malignam
413 4091 516 4139 foenoris
531 4088 691 4150 excogitatio
735 4088 790 4152 Op,
801 4093 862 4138 tom.
874 4089 891 4137 i.
903 4101 927 4150 p.
935 4089 989 4136 236.
998 4086 1044 4150 D.]

162 4169 221 4203 nem
233 4154 255 4202 si
268 4155 325 4217 quis
339 4155 473 4217 appellarit
487 4154 584 4203 furtum
594 4157 639 4202 aut
649 4153 692 4202 ho·
767 4161 777 4185 ⁶
794 4154 851 4219 [Kal
873 4152 921 4216 γὰρ
941 4151 1025 4212 δεινὸν,
1045 4150 1163 4212 inimi,
1186 4151 1263 4201 δεινὸν

163 4219 304 4277 micidium‚
321 4233 373 4268 non
391 4219 510 4281 peccabit.
544 4217 612 4268 Nam
628 4218 690 4280 quid
734 4219 885 4274 calceatis
904 4215 1014 4275 δεόμενον
1032 4217 1153 4276 θεραπείας
1170 4216 1263 4278 νόσημα

162 4285 238 4333 refert
268 4283 371 4333 suffosso
405 4283 501 4348 pariete
539 4297 690 4346 quemqnam
734 4282 768 4333 εἷς
784 4283 832 4342 τὴν
848 4281 981 4340 ἐκκλησίαν
998 4280 1260 4341 inanissimum)

163 4352 249 4412 erepta
267 4347 401 4411 possidere,
418 4363 451 4397 an
468 4348 592 4396 soenorum
609 4361 691 4396 neces·
730 4346 781 4410 γάρ
795 4367 835 4408 μοι
846 4346 905 4406 λέγε
915 4347 972 4396 τοὺς
990 4347 1032 4408 ἔξω
1047 4346 1130 4406 νόμους
1146 4364 1197 4394 ar.
1208 4346 1262 4393 t.-

161 4413 236 4462 sitate
259 4413 385 4476 possidere
406 4412 515 4461 illicitat
525 4410 596 4460 ”-S.
615 4411 688 4474 Greg.
734 4410 758 4460 S.
772 4412 857 4475 Chrys.
870 4410 948 4460 Hom.
959 4411 1002 4458 lvi.
1016 4410 1132 4471 (alluit.)
1145 4411 1173 4458 in
1185 4409 1260 4459 Matt

163 4476 238 4542 Nysa
254 4478 321 4543 apud
342 4477 366 4528 S.
376 4476 464 4527 Thom.
483 4476 578 4541 Aquin.
595 4475 689 4534 Quoest.
731 4475 789 4541 Op,
800 4481 861 4528 tom.
872 4476 899 4526 ii.
912 4491 936 4542 p.
946 4477 1002 4526 362.
1012 4475 1058 4524 lin.
1067 4477 1094 4525 2.
1102 4473 1166 4538 seu]
