2970 4914
577 277 670 325 rursu
692 277 846 324 norsum.
1201 261 1264 324 199

165 454 261 516 super
284 434 367 497 libro
382 433 541 509 virulento
561 454 632 496 eam
652 432 814 517 proscidit,
837 433 873 495 in
896 454 958 514 quo
981 453 1076 514 super
1095 431 1157 495 hac
1179 453 1265 514 quae·

167 536 270 599 stione
293 536 428 600 mirifice
447 537 595 613 exsultat,
612 543 645 598 et
670 541 815 599 nostram
838 535 984 618 politiam
1006 533 1264 598 Ecclesiasticam

165 638 272 702 odiose
288 639 439 721 exagitat.
486 638 551 701 Hic
573 639 655 702 liber
676 644 850 721 portatam
866 637 1018 715 Galliam,
1040 658 1098 721 per
1113 637 1262 720 compita,

163 761 220 822 per
235 741 365 823 plateas,
382 741 423 804 ad
431 762 542 804 vocem
556 741 711 823 praeconis
723 741 917 818 divenditus,
933 740 1053 803 multos
1068 739 1157 822 gravi
1172 760 1263 802 scan-

164 843 236 907 dalo
252 845 398 927 perculit.
446 844 558 908 Sedet
578 851 653 908 ante
672 845 750 923 haec,
770 844 833 908 ista
848 843 1024 927 quaestione
1043 842 1261 926 personabant

162 947 296 1030 pulpita,
317 947 434 1024 forum,
450 947 548 1024 curia,
564 947 681 1030 platea,
697 954 730 1011 et
744 947 822 1031 ipsae
836 946 1026 1010 tonstrinae:
1052 946 1117 1009 Hic
1133 966 1264 1028 campus

163 1057 222 1128 est,
244 1049 279 1114 in
295 1071 359 1133 quo
373 1051 512 1114 exsultat
528 1050 715 1133 quotidiana
740 1050 946 1132 ingeniorum
968 1048 1108 1112 lascivia.
1155 1048 1263 1113 Quam

143 1151 254 1215 'avide
270 1159 508 1235 exspectaretur
529 1153 611 1216 liber
632 1173 732 1231 meuS,
749 1153 805 1236 qui
818 1159 918 1216 tantae
941 1151 1109 1235 proterviae
1130 1151 1192 1213 iret
1208 1148 1263 1213 ob-

162 1253 256 1331 viam,
283 1254 360 1318 inde
383 1255 540 1338 apparuit,
563 1255 648 1337 quod
675 1259 812 1337 quatuor
836 1254 998 1318 mensium
1025 1253 1129 1336 spatio
1154 1251 1264 1316 novies

161 1357 259 1438 praelo
283 1358 472 1421 commissus
497 1364 554 1421 est.
600 1357 679 1420 Non
702 1357 795 1440 potui
817 1378 893 1439 ergo
909 1357 1060 1439 defugere
1081 1355 1167 1418 hanc
1189 1374 1261 1437 pro·
1323 1413 1325 1417 ,

162 1460 310 1523 vinciam.
355 1461 435 1524 Non
456 1447 519 1523 fuit
541 1466 651 1523 autem
672 1460 822 1543 possibile
844 1465 1039 1544 pertractate
1062 1457 1201 1522 scribere
1222 1456 1262 1520 de

162 1562 223 1625 hoc
238 1570 438 1644 argumente,
455 1564 534 1647 quin
549 1563 672 1627 ordirer
688 1585 708 1626 a
722 1563 958 1647 significatione
972 1583 1088 1626 vocum
1110 1560 1261 1643 Episcopi

161 1672 195 1728 et
215 1666 402 1750 presbyteri,
418 1674 451 1730 et
471 1688 599 1750 agerem
615 1667 654 1730 de
669 1666 793 1750 origine
810 1667 964 1730 muneris.
1009 1665 1063 1728 Ibi
1077 1684 1152 1728 vero
1168 1669 1261 1746 capta

86 1820 92 1830 .
161 1768 326 1832 occasione
354 1769 482 1832 locutus
513 1791 585 1832 sum
615 1791 688 1832 cum
717 1771 840 1834 honore
866 1769 907 1832 de
931 1767 1097 1851 Episcopis
1123 1765 1259 1848 Angliae.

162 1870 366 1953 Dignitatem
390 1872 623 1956 Episcopalem.
641 1871 755 1956 repetii
780 1873 821 1937 ab
847 1871 926 1956 ipsis
949 1870 1102 1935 Ecclesiae
1127 1869 1262 1932 incuna-

161 1972 254 2050 bulis,
271 1974 405 2038 Abrium
428 1975 593 2039 damnavi:
618 1976 730 2058 Ipsum
750 1975 907 2038 Jacobum
927 1974 992 2037 dixi
1013 1973 1114 2036 fuisse
1128 1971 1262 2055 Episco-

161 2097 239 2158 pum
255 2077 569 2162 Ierosolymitanum,
586 2099 605 2140 a
621 2099 684 2161 quo
698 2078 797 2160 longa
815 2078 896 2142 serie
912 2077 1050 2140 deducta
1065 2082 1115 2139 est
1130 2075 1261 2157 Episco-

161 2199 277 2261 porum
297 2180 442 2262 ejusdem
462 2180 552 2244 urbis
573 2181 739 2244 successio.
785 2181 859 2244 Hoc
882 2201 986 2242 unum
1008 2193 1124 2260 nempe
1147 2176 1260 2254 defuit,

162 2280 248 2363 qnod
261 2282 439 2345 Ecclesiam
459 2304 565 2346 meam
586 2305 653 2346 non
668 2283 735 2347 dixi
750 2304 818 2347 esse
833 2283 1028 2360 haereticam,
1052 2279 1259 2363 proculcatri·

161 2403 232 2445 cem
252 2383 334 2466 juris
357 2383 466 2447 divini.
516 2384 612 2450 Quod
638 2406 713 2448 sane
738 2405 799 2448 nec
821 2384 923 2468 potui,
950 2404 1011 2447 nec
1034 2382 1151 2446 debui:
1187 2382 1260 2444 Imo

163 2485 190 2547 si
204 2485 361 2565 fecissem,
376 2486 497 2569 tuipse
512 2486 547 2549 in
562 2508 615 2550 me
631 2487 843 2551 desiderasses
857 2485 1072 2569 prudentiam.

209 2589 288 2652 Haec
303 2587 343 2651 de
358 2588 462 2651 tribus
482 2587 547 2651 illis
567 2589 736 2672 capitibus,
753 2589 868 2672 quibus
891 2587 982 2650 addis
1005 2587 1137 2668 insuper
1152 2584 1261 2666 ἐπίμε·

163 2715 238 2775 τρον
247 2689 267 2754 1.
312 2680 440 2773 Nempe
459 2689 618 2773 judicium
632 2698 727 2754 tuum
742 2691 782 2754 de
796 2692 949 2755 lemmate
966 2690 1031 2752 mei
1046 2688 1147 2767 Libri,
1165 2711 1262 2772 quam

162 2792 311 2876 inscripsi
327 2793 459 2872 Gallice,
471 2794 521 2856 De
535 2795 695 2857 vocatione
710 2795 887 2857 Pastorum.
936 2793 1016 2856 Haec
1033 2791 1166 2854 nomina
1184 2791 1263 2854 dicis

162 2895 292 2973 novitia,
319 2901 352 2958 et
378 2895 501 2958 nemini
524 2903 672 2959 veterum
702 2901 857 2979 usurpata
885 2895 947 2957 hoc
978 2914 1084 2956 sensu.
1129 2891 1262 2955 Nomen

162 2997 292 3079 quidem
314 2997 490 3061 vocationis
521 2998 586 3062 scio
616 2999 702 3082 apud
733 3004 854 3063 veteres
883 2996 1081 3079 infrequens,
1111 3015 1172 3058 nec
1201 2994 1263 3058 hoc
1361 3018 1364 3023 ·

162 3089 394 3183 sensuaccipi.
450 3102 497 3164 At
521 3122 581 3165 nos
604 3101 691 3166 Galli
718 3101 762 3166 sic
787 3100 967 3184 loquimur:
993 3104 1151 3183 quotquot
1175 3097 1262 3162 enim

163 3205 256 3267 eade
277 3226 312 3267 re
335 3204 530 3287 scripserunt
547 3205 643 3284 Galli,
664 3204 716 3268 vel
736 3205 850 3283 nostri,
866 3205 917 3267 vel
938 3203 1109 3281 Pontificii,
1124 3209 1264 3266 utuntur

162 3308 224 3370 hoc
247 3307 362 3371 verbo:
387 3307 472 3390 quod
502 3309 587 3390 apud
613 3330 673 3372 nos
703 3308 825 3392 aliquid
849 3307 987 3390 amplius
1012 3328 1109 3389 quarn
1135 3305 1262 3369 ordina·

162 3410 285 3472 tionem
301 3409 468 3492 significat,
481 3431 557 3472 nam
572 3432 630 3494 pro
640 3432 775 3474 munere
789 3411 860 3494 ipso
873 3415 1057 3492 usurpatur.
1095 3407 1130 3471 Si
1145 3407 1263 3470 Latine

164 3512 371 3595 scripsissem,
393 3512 571 3595 posuissem
593 3513 681 3575 hunc
700 3513 845 3590 titulum,
861 3514 910 3574 De
925 3513 1059 3573 Munere
1074 3516 1105 3572 et
1124 3511 1261 3572 Ordina-

138 3662 142 3670 .
164 3617 246 3678 tione
260 3617 438 3678 Pastorum.

206 3719 345 3783 Pastoris
362 3740 488 3801 qnoque
502 3718 633 3782 nomine
647 3719 750 3782 nolles
761 3717 964 3802 presbyteros
979 3737 1100 3793 omnes,
1110 3714 1262 3797 verbique

163 3822 262 3885 divini
284 3822 464 3901 Ministros,
481 3821 652 3905 appellari:
677 3822 751 3886 Hoc
766 3821 852 3885 enim
870 3841 990 3884 nomen
1005 3819 1080 3882 solis
1095 3817 1262 3902 Episcopis

163 3925 209 3986 ais
235 3925 405 3988 convenire
438 3925 496 4008 (sic
524 3925 613 4008 loqui
634 3924 783 4005 veteres).
831 3924 914 3999 Hoc,
937 3922 998 3985 Vir
1022 3921 1206 3999 clarissime,
1234 3921 1263 3985 si

161 4047 273 4088 verum
302 4033 361 4102 est,
385 4026 536 4090 Ecclesiae
566 4027 706 4105 Gallicae,
738 4024 951 4101 Germanicae,
973 4023 1122 4105 Belgicae,
1144 4023 1262 4088 Helve-

161 4130 244 4207 ticae,
275 4137 351 4191 sunt
381 4151 493 4212 greges
522 4130 591 4192 sine
618 4131 761 4194 Pastore.
806 4129 852 4192 At
883 4128 1003 4192 Paulus
1028 4129 1186 4192 Actorum
1210 4150 1262 4192 xx.

162 4233 369 4316 Presbyteros
384 4233 564 4316 Ephesinos
581 4234 675 4318 jubet
690 4254 819 4318 pascere
834 4232 1022 4311 Ecclesiam,
1039 4239 1198 4296 commate
1211 4234 1261 4297 17.

162 4344 195 4400 et
218 4339 271 4400 28.
325 4338 370 4400 Et
395 4339 511 4400 Petrus
537 4337 675 4420 lEpist.
701 4359 768 4420 cap.
788 4359 818 4400 v.
865 4335 1079 4416 Presbyteros,
1104 4337 1157 4417 qui
1182 4337 1264 4398 inter

613 4467 619 4496 ¹
638 4465 811 4515 Corollarinm.
