2970 4914
569 289 663 337 ruem
683 289 840 337 nomam.
913 280 918 293 ’·
1189 277 1252 341 201

206 443 270 507 Sed
284 464 337 506 me
351 443 510 528 cupiditas
525 443 586 508 tibi
600 444 825 522 satisfaciendi,
841 450 874 507 et
888 443 1024 507 materia
1039 464 1157 528 sequax
1171 445 1258 509 ultra

161 555 263 609 metas
288 546 417 630 abripit.
462 547 612 611 Nimium
635 568 711 611 sane
737 546 854 610 abusus
880 568 953 609 sum
976 554 1034 611 tuo
1058 549 1135 614 otio.
1179 551 1258 613 Non

161 649 223 712 erit
238 655 348 712 tamen
369 649 438 712 haec
460 670 555 735 opera
576 649 660 713 male
683 650 847 728 collocata,
862 649 890 712 si
910 670 968 732 per
986 650 1055 714 haec
1073 651 1259 734 cognoveris

163 752 276 834 quanti
290 759 324 814 te
338 751 463 830 faciam,
480 774 576 836 quam
591 753 653 816 sim
668 752 801 836 cupidus
822 751 1009 829 concordiae,
1025 775 1122 837 quam
1144 755 1259 818 vellem

165 876 277 919 omnes
291 855 449 920 Ecclesias
465 855 661 935 reformatas,
678 876 757 939 quas
772 855 885 918 eadem
899 855 978 918 fides
993 856 1101 935 sociat,
1117 857 1260 940 ejusdem

163 979 289 1042 quoque
303 957 424 1041 politiae
438 958 670 1022 Ecclesiasticae
683 958 811 1023 vinculo
826 957 949 1022 sociari.
994 958 1175 1041 Ingenuam
1186 981 1263 1024 vero

161 1087 267 1130 meam
281 1066 562 1146 libertatem‚boni
577 1065 720 1144 obsecro,
729 1065 869 1144 consule,
880 1086 952 1148 quae
967 1085 1045 1128 sane
1058 1065 1142 1128 nihil
1156 1051 1263 1130 detra·
1288 1095 1292 1105 ·

163 1169 220 1232 het
232 1170 272 1232 de
283 1169 485 1234 observantia
500 1177 533 1233 et
547 1170 679 1248 honore,
691 1189 788 1252 quem
802 1188 855 1230 mc
869 1167 932 1230 tibi
946 1166 1063 1230 debere
1076 1168 1163 1232 ultro
1177 1168 1264 1252 apud

163 1293 274 1334 omnes
291 1293 416 1355 semper
426 1271 609 1356 profitebor.
641 1273 731 1336 Deus
745 1277 779 1335 te
794 1276 907 1349 servet,
920 1271 1038 1354 detque
1046 1271 1109 1335 tibi
1116 1279 1263 1355 vegetam

163 1376 361 1459 crudamque
399 1382 612 1455 senectutem,
654 1375 849 1458 honorisque
890 1393 927 1438 ac
960 1373 1122 1438 felicitatis
1159 1375 1264 1439 inore-

163 1485 284 1542 menta.
329 1478 421 1542 Vale.
467 1479 592 1543 Datum
617 1477 768 1557 Lutetiae,
798 1493 829 1540 Α.
840 1493 873 1541 D.
899 1492 957 1541 XII.
988 1477 1056 1542 Cal.
1083 1477 1263 1543 Januarias.

166 1585 261 1647 1619.

428 1688 499 1750 mm
514 1687 707 1751 Reverentic
721 1687 863 1768 obsequio
879 1686 1123 1764 addictissimus,

875 1825 1001 1886 Pennus
1023 1823 1218 1886 Momsaus.
