2970 4914
274 260 337 321 114
586 275 627 323 on
649 275 880 325 JUuEJURANDO
902 256 1053 346 ἐπάκτῳι

272 430 298 492 si
317 432 539 516 juramentum
562 432 740 516 praecedere
764 432 900 496 debeant
923 434 1114 515 quaestiones
1133 435 1218 515 (cum
1233 433 1296 495 nisi
1310 453 1368 515 pro

272 556 425 599 concessu
447 537 626 620 jurejurare
649 556 842 619 quemquam
864 535 953 599 nefas
965 537 984 617 z)
1011 544 1097 599 certe
1112 537 1165 599 vix
1185 558 1270 599 unus
1301 536 1368 598 dies

272 640 329 701 uni
357 661 459 703 causae
483 639 628 716 sufficiat,
650 647 847 722 cogaturque
871 638 968 720 (quod
991 640 1105 701 Jethro
1130 639 1254 701 factum
1278 639 1368 700 dam-

270 743 370 821 navit)
390 750 496 806 astare
502 743 626 823 judicio
636 744 772 824 populus
787 764 807 804 a
822 763 911 804 mane
925 762 1021 823 usque
1036 743 1080 803 ad
1092 752 1280 822 vesperum&

314 846 477 947 Ultimum
496 846 530 908 id
545 855 612 909 est:
637 846 722 929 quod
745 846 874 928 quidam
894 845 983 928 (vitio
1006 846 1125 908 mentis
1146 844 1366 928 proculdubio)

271 947 386 1013 deferri
416 951 476 1013 sibi
504 949 695 1033 postulant:
728 971 770 1012 ne
793 949 828 1012 in
853 948 1006 1011 emissum
1035 971 1054 1010 a
1080 970 1114 1010 se
1140 948 1368 1032 jusjurandum

270 1052 473 1137 inquiratur:
521 1053 625 1137 quue
655 1053 799 1116 Paulinae
836 1053 1005 1115 sententiae
1033 1052 1174 1130 fiducia;
1215 1053 1368 1132 Cujusquc

270 1159 527 1221 contradictionis
557 1158 707 1220 terminus
727 1159 976 1239 juramentumz.
1022 1157 1133 1234 Mitto,
1161 1157 1246 1239 quod
1267 1157 1301 1218 id
1322 1156 1368 1218 ita

269 1260 475 1344 interpretari
503 1261 609 1339 liceat,
632 1269 670 1323 ut
699 1258 801 1346 πέρας
830 1261 911 1323 illud
939 1267 1041 1322 status
1065 1261 1171 1342 potius
1195 1261 1246 1338 sit,
1272 1281 1368 1342 quam

271 1364 374 1427 exitus
398 1365 629 1428 controversiae.
675 1365 808 1442 Verum,
830 1386 871 1426 ne
893 1363 1005 1440 liceat,
1038 1363 1093 1426 sed
1119 1370 1187 1426 esto
1209 1384 1300 1425 sane:
1327 1363 1368 1424 sit

270 1467 428 1530 terminus
454 1469 694 1551 juramentum
729 1473 762 1530 at
786 1488 853 1529 non
880 1467 1100 1548 qualecunque
1123 1472 1243 1542 tamen,
1268 1473 1323 1527 aut
1350 1487 1369 1529 a

271 1591 471 1652 quocunque,
488 1569 774 1653 quomodocunque
789 1569 981 1652 praestitum,
1004 1568 1066 1649 (vix
1080 1568 1141 1630 hoc
1162 1568 1232 1630 sani
1248 1568 1369 1630 cerebri

270 1673 479 1757 postulatum)
503 1694 615 1736 verum
639 1672 796 1756 ejusmodi
827 1673 954 1755 (spero),
977 1678 1015 1733 ut
1037 1671 1077 1733 de
1101 1673 1169 1754 ejus
1193 1671 1256 1733 fide
1280 1671 1370 1733 nulla

272 1775 314 1838 sit
341 1775 569 1853 contradictio;
603 1776 631 1838 si
656 1775 751 1839 modo
778 1775 990 1839 contradictio
1013 1795 1070 1857 per
1095 1774 1177 1836 illud
1202 1773 1370 1836 terminari

272 1877 394 1942 debeat.
443 1878 550 1943 Quare
565 1879 592 1940 si
605 1878 698 1940 litem
713 1878 781 1940 sine
797 1877 1049 1940 contradictione
1064 1877 1238 1940 terminare
1254 1877 1367 1954 debet;

272 1980 319 2043 ita
341 1981 499 2064 liquidum
526 2001 593 2044 esse
619 1980 724 2058 debet,
747 1987 784 2042 ut
808 1981 838 2042 ei
863 2001 959 2042 nemo
979 1980 1029 2042 vel
1052 1980 1132 2042 citra
1156 2001 1298 2057 examen,
1319 1980 1370 2042 vel

273 2091 354 2166 post,
378 2090 434 2146 aut
448 2083 534 2162 velit,
557 2090 613 2146 aut
634 2083 732 2166 possit
755 2083 981 2146 contradicere.
1027 2082 1260 2164 Jusjuraudum
1282 2082 1370 2145 enim

275 2185 406 2267 quodvis
422 2185 558 2268 cujusvis
580 2184 670 2247 omni
689 2184 898 2267 inquisitione
917 2168 1052 2248 liberare
1067 2185 1148 2248 velle
1157 2210 1166 2262 3
1191 2186 1268 2268 quid
1283 2186 1370 2249 aliud

275 2294 323 2351 est
350 2309 446 2370 quam
474 2287 607 2371 perjurii
630 2309 757 2349 causam
784 2290 900 2369 agero?
933 2286 1009 2370 quid
1033 2288 1130 2364 aliud,
1155 2311 1252 2370 quam
1278 2290 1370 2371 quasi

275 2390 367 2472 signo
391 2390 476 2468 dato,
499 2390 546 2452 ita
568 2395 810 2453 auctoramento
832 2391 902 2468 hoc,
926 2392 1102 2474 profligatae
1125 2392 1200 2454 fidei
1223 2392 1370 2455 homines

274 2493 315 2556 ad
331 2493 432 2557 scelus
446 2493 507 2556 hoc
523 2493 715 2557 sollicitare?
739 2494 824 2558 Cum
838 2494 926 2556 enim
943 2494 1006 2558 sive
1021 2495 1055 2557 id
1066 2496 1177 2574 Actor,
1195 2496 1259 2558 sive
1272 2497 1368 2573 Reus,

274 2617 329 2659 seu
347 2597 437 2660 testis
459 2603 606 2680 praestet3
630 2597 742 2660 eadem
762 2597 940 2681 juramenti
962 2598 1085 2680 religi0,
1101 2598 1188 2661 idem
1203 2599 1292 2661 valor
1308 2598 1367 2660 sit:

272 2707 380 2764 actum
403 2709 461 2778 est,
485 2701 512 2763 si
538 2701 607 2784 quis
629 2702 738 2783 jurare
759 2701 795 2764 in
817 2701 909 2764 litem
924 2701 1010 2779 velit,
1028 2700 1138 2764 statim
1162 2722 1290 2763 causam
1313 2700 1369 2763 ob-

270 2803 382 2879 tineat,
395 2811 468 2886 post
480 2811 597 2880 autem,
610 2810 739 2866 rectene
751 2805 906 2886 juratum,
920 2825 962 2866 an
977 2825 1076 2881 secus,
1089 2804 1249 2886 inquirere
1265 2804 1368 2866 nefas:

272 2906 399 2989 Quippe
427 2907 651 2987 jusjurandum
678 2908 777 2968 omnis
807 2907 1022 2969 controversie
1053 2908 1211 2968 terminus.
1257 2906 1370 2969 Isthuc

271 3009 399 3090 quidem
420 3009 446 3071 si
467 3009 511 3072 sic
532 3009 634 3087 detur,
651 3009 787 3093 perjuris
804 3009 887 3073 bene
908 3009 959 3072 sit.
992 3010 1075 3072 Cum
1091 3010 1162 3072 Deo
1177 3009 1367 3090 transigant,

271 3113 297 3174 si
319 3113 441 3195 possint
450 3139 460 3190 i
484 3120 569 3175 certe
592 3135 611 3176 a
630 3113 701 3195 lege
724 3113 806 3176 nihil
826 3119 984 3197 metuant,
999 3135 1060 3175 nec
1075 3134 1151 3176 aure
1165 3113 1267 3190 luant,
1285 3112 1370 3194 quod

270 3237 325 3278 ore
339 3223 523 3298 peccarunt.
570 3217 701 3283 Quanto
715 3215 750 3278 id
764 3215 910 3299 aequius?
949 3217 1021 3278 Imo
1038 3237 1111 3278 vero
1134 3216 1160 3277 si
1181 3215 1274 3278 bonae
1295 3215 1370 3277 fidei

271 3323 320 3381 est
333 3318 561 3402 jusjurandum
570 3345 580 3397 3
604 3319 664 3397 bis,
680 3326 778 3397 terve,
794 3318 995 3400 inquiratur,
1020 3318 1070 3380 vel
1085 3318 1212 3399 septies,
1229 3317 1256 3378 si
1270 3317 1369 3379 libet:

272 3441 405 3503 semper,
423 3422 512 3504 quasi
533 3421 572 3484 de
596 3422 733 3500 fornace,
749 3421 907 3504 liquidum
928 3421 1039 3503 magis,
1056 3441 1235 3503 purumque
1251 3419 1367 3483 exibit:

271 3524 401 3606 ipsaque
417 3546 542 3607 semper
559 3525 726 3608 inquisitio
745 3525 900 3589 uberioris
915 3525 991 3586 fidei
1006 3524 1171 3606 acquisitio
1186 3523 1295 3585 futura
1310 3530 1367 3585 est.

273 3627 333 3689 sin
352 3649 419 3691 non
438 3629 540 3706 bonae,
557 3629 608 3692 vel
631 3629 746 3706 dubiae,
762 3628 838 3690 fidei
856 3628 907 3704 sit,
923 3627 973 3690 vel
989 3633 1161 3708 suspectae:
1186 3626 1369 3708 inquiratur

272 3737 304 3792 et
319 3738 389 3793 tum
398 3759 408 3810 ;
432 3753 494 3814 quo
509 3734 626 3812 injusta
641 3733 765 3820 piacula
780 3737 905 3810 rumpat
920 3731 1081 3810 justitias.
1128 3729 1224 3791 Ratio
1240 3729 1368 3811 quidem

270 3832 339 3896 haec
349 3861 359 3912 ,·
383 3837 521 3898 ratio-ne
537 3835 627 3897 sola?
672 3835 792 3897 Nonne
808 3840 840 3896 et
855 3834 907 3895 lex
922 3833 1032 3895 eadem
1054 3832 1154 3895 dicit?
1201 3833 1274 3895 Sive
1298 3833 1368 3914 quis

269 3935 304 3998 in
320 3959 377 3998 sua
392 3959 486 4000 causa
507 3959 566 4019 pro
586 3958 628 4014 se,
645 3958 702 3999 seu
724 3937 760 3998 in
783 3936 886 3998 aliena
909 3942 1022 3998 contra
1044 3935 1152 4013 alium,
1170 3942 1368 3998 sacramento

270 4039 455 4102 contendat.
496 4041 559 4102 Pro
575 4060 626 4101 se:
650 4044 804 4120 suspectae
817 4037 981 4121 pudicitiae
995 4039 1111 4100 mulier
1126 4060 1199 4100 cum
1215 4039 1242 4121 ej
1248 4043 1368 4101 urasset

269 4139 463 4203 adulterium
493 4142 562 4203 dira
591 4141 789 4205 execratione
820 4141 870 4203 sui
898 4141 1020 4223 ipsius:
1058 4141 1208 4223 nunquid
1239 4140 1369 4202 dimissa

270 4243 402 4306 statim?
429 4243 520 4325 (fiais
535 4266 666 4326 namque
682 4247 780 4307 omnis
795 4247 1010 4307 controversiae
1022 4244 1245 4326 jusjurandum
1255 4245 1278 4324 :)
1303 4243 1368 4304 imo

269 4366 343 4410 vero
368 4352 496 4410 rectene
519 4349 628 4430 jurata
654 4371 695 4411 an
719 4370 821 4424 secus,
846 4348 978 4431 quaestio
1001 4369 1094 4411 nova.
1138 4347 1200 4410 Cui
1221 4347 1277 4424 rei,
1302 4345 1368 4408 ebi-

301 4490 312 4521 7
329 4481 417 4546 [Exod.
428 4483 497 4533 xviii.
511 4483 564 4545 m]
664 4493 672 4514 ¹
691 4484 800 4534 Hebri.
814 4485 851 4534 16.
952 4493 962 4514 ¹
979 4483 1057 4547 [Vide
1069 4498 1152 4547 supra,
1164 4483 1349 4547 p.102,not.⁰.]
