2970 4914
436 272 587 323 murem
607 275 721 324 ruauh
743 276 835 326 runar
856 276 1010 326 nonum.
1208 267 1271 332 193

169 1076 580 1142 REVERENDISSIMO
599 1077 724 1155 VIRO,
744 1077 955 1142 PRAESULI
974 1080 1266 1155 DIGNISSIMO,
1328 1071 1390 1135 178

327 1217 516 1281 DOMINO
538 1216 758 1280 EPISOOPO
780 1214 1111 1282 WINTONIENSI.

167 1470 307 1535 eraaas
321 1478 393 1535 tuas
409 1472 524 1556 accepi,
536 1473 598 1536 Vir
608 1466 812 1555 amplissime,
824 1471 958 1536 refertas
972 1471 1060 1534 varia
1074 1472 1264 1552 eruditione,

166 1581 200 1637 et
221 1575 332 1657 plenas
354 1576 448 1640 bonae
476 1576 586 1658 frugis,
610 1575 800 1659 easdemque
828 1582 926 1638 testes
948 1575 1160 1639 humanitatis
1190 1583 1264 1641 tuae.

166 1677 254 1740 Nam
278 1679 339 1741 etsi
363 1679 480 1742 videris
497 1679 592 1762 paulo
612 1679 811 1756 commotior,
834 1677 973 1760 plurima
986 1684 1096 1742 tamen
1112 1680 1263 1758 suavitas,

166 1788 263 1862 quam'
276 1781 434 1864 inspergis
448 1781 748 1865 reprehensionibus
761 1781 838 1860 tuis,
854 1781 949 1864 erigit
960 1803 1013 1846 me
1028 1782 1064 1845 in
1079 1783 1264 1866 spem,*fore

164 1889 202 1946 ut
227 1884 266 1946 de
289 1889 347 1947 tua
368 1884 404 1947 in
429 1905 482 1947 me
504 1884 727 1948 benevolentia
751 1882 835 1947 nihil
855 1883 931 1947 inde
954 1884 1152 1964 detrahatur,
1176 1893 1210 1949 et
1232 1893 1266 1948 te

164 2006 270 2049 meam
285 1986 535 2051 satisfactionem
549 1986 659 2069 pronis
681 1986 810 2051 auribus
831 1993 1047 2069 accepturum.
1094 1987 1181 2051 Mihi
1196 1988 1267 2070 qui-

164 2087 238 2150 dem
252 2089 331 2152 utile
346 2095 395 2153 est
410 2096 443 2153 et
457 2089 669 2155 honorificum
684 2110 703 2151 a
717 2095 751 2152 te
766 2089 882 2168 doceri,
898 2109 959 2153 nec
973 2111 1074 2172 usque
1095 2090 1175 2154 adeo
1191 2113 1264 2154 sum

164 2211 282 2269 excors,
298 2197 336 2254 ut
357 2191 453 2255 velim
475 2212 549 2254 oum
570 2191 639 2255 viro
660 2196 761 2254 tantae
783 2191 952 2273 dignitatis
968 2197 1001 2254 et
1016 2191 1170 2255 doctrinae
1191 2213 1266 2255 con·

162 2292 304 2356 tendere.
328 2295 446 2377 Neque
460 2314 535 2356 vero
550 2293 737 2377 scripseram
748 2300 785 2356 ut
799 2293 1011 2358 rescriberes:
1035 2293 1162 2357 abunde
1179 2294 1266 2358 enim

164 2395 244 2458 mihi
259 2402 320 2474 est,
337 2396 365 2459 si
379 2416 466 2459 meas
480 2396 589 2459 literas
604 2401 695 2479 grato
710 2395 821 2459 animo
837 2396 965 2479 accipis.
1010 2397 1082 2460 Nec
1097 2403 1173 2459 sunt
1193 2419 1267 2460 mea

164 2497 282 2580 scripta
306 2498 401 2577 tanti,
425 2505 463 2560 ut
492 2497 630 2561 debeant
652 2498 715 2562 tibi
736 2499 904 2582 negotium
927 2498 1091 2578 facessere,
1115 2506 1172 2562 aut
1191 2508 1225 2564 te
1248 2523 1266 2564 a

164 2601 359 2683 gravioribus
374 2601 459 2665 curis
475 2621 613 2664 avocare.
661 2601 781 2685 Siquid
799 2623 875 2685 ergo
890 2622 1056 2686 perperam
1067 2624 1087 2666 a
1100 2624 1153 2665 me
1168 2604 1265 2687 scrip·

163 2710 234 2767 tum
246 2713 305 2783 est,
320 2705 496 2788 plurimum
511 2705 611 2768 debeo
620 2725 693 2768 meo
708 2705 817 2784 errori,
831 2706 885 2788 qui
900 2727 920 2768 a
933 2713 967 2768 te
982 2711 1050 2768 tam
1065 2705 1184 2784 doctas,
1196 2713 1264 2769 tam

164 2815 327 2871 accuratas
341 2808 450 2872 literas
465 2808 585 2886 elicuit,
602 2808 716 2890 quibus
732 2829 845 2871 aurum
860 2830 927 2872 non
942 2814 991 2871 est
1006 2814 1128 2886 contra,
1144 2816 1177 2871 et
1192 2830 1264 2891 quae

164 2910 255 2989 mihi,
272 2911 349 2974 dum
363 2911 477 2988 vivam,
491 2916 586 2974 erunt
594 2910 861 2993 pretiosissimum
877 2907 1042 2992 κειμήλιον
1052 2921 1074 2973 ².

207 3013 431 3076 Veruntamen
446 3012 521 3096 quia
531 3012 646 3076 videris
661 3012 751 3091 mihi,
761 3012 796 3076 in
805 3012 995 3096 quibusdam
1007 3013 1166 3096 capitibus
1181 3035 1262 3077 meae

163 3113 277 3196 prioris
292 3115 454 3198 Epistulae,
470 3121 613 3178 mentem
627 3137 733 3178 meam
747 3137 814 3178 non
828 3123 1003 3193 assecutus,
1021 3115 1111 3179 dabis
1124 3116 1261 3196 veniam,

164 3215 193 3278 si
207 3216 258 3279 his
272 3217 374 3280 literis
390 3238 488 3280 conor
502 3239 573 3280 eam
584 3217 646 3280 tibi
659 3217 811 3300 prolixius
826 3239 991 3301 exponere.

205 3319 236 3382 Ι.
261 3319 347 3397 Dixi,
370 3319 406 3381 in
424 3320 519 3382 Novo
533 3320 749 3398 Testamento,
772 3321 923 3404 Episcopi
944 3327 977 3384 et
999 3319 1184 3404 Presbyteri
1204 3341 1263 3384 no·

162 3421 251 3484 mina
265 3421 398 3504 perinde
413 3420 523 3502 accipi.
999 3405 1002 3410 ⁵

207 3523 255 3586 Il.
278 3522 365 3601 Dixi,
381 3521 530 3605 Episcopi
541 3527 574 3585 et
589 3521 773 3606 Presbyteri
788 3523 926 3586 eundem
937 3543 1005 3586 esse
1020 3523 1173 3586 ordinem.

206 3626 272 3690 ΙΙΙ.
298 3624 384 3703 Dixi,
400 3625 570 3688 discrimen
585 3625 671 3688 inter
684 3624 878 3709 Episcopum
894 3632 926 3688 et
942 3624 1169 3707 Presbyterum
1192 3646 1262 3689 esse

158 3729 241 3811 juris
256 3728 481 3806 Ecclesiastici,
499 3749 566 3791 non
584 3749 661 3792 vero
678 3727 786 3791 divini.
834 3722 915 3791 Haec
932 3727 1034 3790 nolles
1048 3748 1068 3789 a
1088 3747 1142 3789 me
1164 3726 1258 3790 diota.

161 3833 205 3894 Et
219 3833 323 3895 multa
337 3831 431 3894 affers
445 3831 480 3893 in
495 3829 688 3893 contrariam
702 3833 837 3912 partein,
855 3829 948 3892 docte
963 3847 1039 3890 sane
1054 3833 1088 3890 et
1103 3834 1259 3906 accurate,

153 3933 218 3996 sed
232 3954 368 4015 quorum
382 3932 468 3995 bona
482 3953 554 4015 pars
568 3952 621 3995 me
635 3953 701 3994 non
717 3930 858 4012 attingit.
905 3931 955 3994 De
970 3929 1104 4012 singulis
1118 3951 1229 4011 pauca.

207 4037 236 4096 l.
261 4034 339 4096 Non
353 4034 381 4095 is
395 4033 529 4112 inficias,
545 4033 624 4116 quin
635 4031 819 4116 Presbyteri
834 4040 867 4095 et
878 4031 1027 4114 Episcopi
1042 4031 1174 4092 nomina
1188 4052 1260 4113 pro-

161 4136 282 4198 miscue
297 4135 494 4217 accipiantur
508 4136 542 4198 in
557 4136 652 4198 Novo
667 4136 883 4198 Testamento.
922 4133 986 4196 Sed
1001 4153 1153 4214 quorsum
1168 4133 1260 4196 haec?

160 4238 276 4320 inquis.
314 4238 442 4319 Nempe
453 4244 547 4320 putas
557 4259 609 4301 me
623 4258 680 4320 per
694 4237 764 4300 haec
777 4237 877 4300 tacite
891 4236 1035 4314 innuere,
1048 4256 1118 4299 rem
1133 4256 1260 4317 quoque

165 4361 236 4404 esse
261 4339 483 4423 promiscuam.
528 4340 606 4403 Non
630 4337 718 4402 enim
740 4337 886 4402 vellicare
905 4359 1034 4416 nomen,
1058 4336 1123 4399 nisi
1143 4337 1198 4418 qui
1215 4337 1262 4399 rei

616 4469 627 4496 ¹
642 4463 801 4528 Depositum.

212 4560 270 4595 asu.
278 4561 315 4594 on.
328 4560 412 4597 roura.
531 4574 539 4589 ι
1025 4559 1046 4606 0
