2970 4914
520 272 582 323 PRO
604 274 714 324 ealon
735 272 898 324 noemma
1247 256 1268 316 9

202 429 378 511 Postremo,
393 438 429 495 ut
437 434 534 513 plere
544 454 639 497 meru
655 434 881 496 benedictiones
896 452 971 495 suos
985 430 1127 512 effirrrdot
1142 430 1177 491 io
1193 428 1267 493 Col·

158 533 246 620 legia
259 542 389 609 nortem
412 556 459 614 ce,
476 557 535 618 quo
549 557 597 599 me
608 542 699 599 vocet
708 537 802 621 officii
814 537 898 598 ratio
913 536 1094 616 riopuloris,
1105 534 1139 595 io
1149 532 1269 596 Aulam

160 639 460 718 Pcmbrochianam,
469 642 613 723 illiusque
626 641 742 704 Curam
753 640 929 703 univocum
940 667 950 701 :
960 646 996 702 ct
1007 658 1154 702 mersores
1163 637 1269 720 Majo-

159 764 235 807 rum
246 749 432 822 metrorum,
443 744 496 824 qai
510 745 648 807 illustres
662 744 824 824 sernpcrio
835 745 895 805 too
910 742 1057 806 Ecclesia
1072 742 1268 817 restiterunt,

159 866 268 909 corum
292 846 450 908 imitemur
469 845 674 924 industriam,
699 846 930 909 considerantes
953 846 1006 927 qui
1025 843 1131 925 fuerit
1154 843 1270 906 Exitus

161 949 408 1012 macerationis
422 946 558 1012 eorumb.

205 1053 274 1116 Pro
295 1053 380 1116 hisee
403 1053 542 1116 omnibus
561 1053 684 1135 (Patres
705 1062 737 1117 et
761 1054 902 1136 Fratres)
927 1053 1083 1135 supplices
1104 1049 1271 1132 offeramus

162 1154 295 1221 Christo
318 1156 529 1220 Intercessori
552 1163 669 1236 oestro,
698 1159 795 1221 Suom
824 1159 924 1239 ipsius
950 1155 1150 1231 Orationem,
1179 1151 1270 1217 Patri

162 1260 229 1323 Suo
242 1260 361 1322 normis
382 1260 556 1322 nominibus
574 1259 773 1342 offerendam,
789 1267 824 1324 ut
839 1261 900 1323 Ille
922 1260 1011 1323 nobis
1033 1260 1106 1335 loeo,
1124 1262 1189 1318 tem
1204 1256 1269 1318 elio

157 1370 278 1445 preter
291 1365 366 1441 Iter,
383 1384 568 1446 quecunque
583 1370 723 1426 nostrum
747 1367 857 1446 cuique
879 1364 1057 1428 necessarie
1079 1367 1162 1440 suut,
1179 1380 1271 1441 quem

161 1469 382 1550 beoipaiesr'me
398 1469 565 1549 lorpietur.

207 1574 306 1636 Pater
318 1579 440 1651 noster,
457 1574 514 1635 811.

208 1883 279 1946 JAM
300 1881 377 1945 inde
392 1903 411 1944 a
427 1881 540 1965 Capite
557 1881 690 1958 decimo,
708 1903 779 1965 quae
794 1882 847 1945 hic
870 1882 1005 1965 sparsim
1020 1883 1175 1966 leguntur
1190 1883 1271 1945 Pro-

163 1986 281 2065 verbia,
301 1992 467 2069 receptum
488 1991 537 2048 est
560 1985 647 2048 inter
672 1986 848 2067 Theolopos,
873 1985 994 2068 absque
1018 1985 1171 2049 methodo
1192 2007 1270 2063 esse,

164 2109 226 2153 nec
249 2095 406 2173 perpetuo
429 2096 540 2152 tenore
567 2088 694 2171 scripta,
718 2095 756 2151 ut
781 2089 889 2170 priora
912 2110 1028 2167 aorem,
1050 2111 1069 2152 a
1089 2089 1270 2153 Salomone.

165 2191 233 2256 sed
253 2193 316 2255 alia
335 2192 405 2255 aliis
426 2191 635 2274 temporibus,
651 2192 701 2254 uti
723 2213 774 2255 res
796 2192 919 2255 ferebat
940 2200 973 2255 et
993 2200 1131 2275 tempus,
1148 2193 1273 2275 prolata

163 2317 186 2361 a
199 2296 295 2377 Repe,
316 2294 356 2358 ab
375 2295 557 2358 astantibus
583 2295 759 2373 observata,
779 2300 853 2377 post
877 2295 978 2358 literis
1005 2295 1185 2376 Librisque,
1203 2316 1272 2358 non

162 2400 237 2464 sine
252 2398 360 2462 fructu
376 2388 516 2481 quidem,
533 2397 587 2460 sed
603 2405 714 2461 tamen
730 2398 798 2460 sine
814 2398 935 2475 ordine,
952 2397 1150 2480 consignata.

210 2504 260 2567 Ac
289 2502 359 2565 aliis
390 2502 519 2585 quidem
556 2500 725 2564 efferendis
755 2501 936 2563 occasiones
967 2500 1047 2578 aliae,
1082 2501 1154 2581 (nec
1183 2499 1271 2562 enim

165 2613 288 2670 temere
312 2605 485 2688 quiequam
510 2611 566 2667 aut
591 2602 816 2686 intempestive
841 2603 890 2665 vir
912 2603 1035 2684 tantus)
1061 2602 1135 2665 huic
1161 2608 1271 2666 nostro

165 2731 242 2775 vcro
258 2730 329 2793 quae
343 2709 439 2772 fuerit
454 2730 541 2787 ansa,
558 2707 610 2772 cui
624 2729 824 2790 responsum,
842 2729 905 2790 qua
919 2707 1084 2770 occasione
1098 2706 1269 2789 prolatum,

165 2834 234 2877 non
262 2812 397 2896 perinde
425 2812 536 2895 liquet.
584 2810 672 2877 Quid
701 2811 811 2874 enim?
862 2811 933 2874 Nec
962 2810 1048 2872 inter
1074 2806 1272 2896 δημοβόρους

166 2912 349 2983 Βασιλέωςο
365 2922 434 2978 erat
451 2915 614 2992 Salomon,
626 2936 687 2978 nec
700 2914 798 2998 (quod
812 2936 960 2998 peraeque
975 2914 1096 2977 infame
1112 2916 1170 2996 est)
1186 2915 1272 2977 inter

165 3016 396 3106 κληροβόρους.
441 3021 549 3084 Ν11110
563 3021 619 3083 1111
634 3021 668 3083 in
683 3021 747 3083 Res
763 3021 881 3084 Sacros
896 3020 1153 3096 munificentior,
1176 3040 1272 3082 nemo

167 3143 188 3186 a
210 3123 321 3186 Sacris
350 3123 525 3185 alienordis
555 3122 699 3186 alienior.
744 3124 788 3186 Et
816 3124 904 3186 unde
933 3123 984 3201 Ei,
1009 3129 1064 3185 aut
1094 3121 1172 3205 quid
1197 3142 1271 3185 eum

168 3226 341 3308 Sacrilepis
362 3232 395 3290 et
412 3225 588 3309 votifrepis‚
610 3248 688 3309 quos
712 3226 859 3310 designat
881 3227 934 3289 hic
951 3227 1095 3289 Versus?
1141 3225 1270 3308 EcquiS,

168 3329 352 3394 Salomonis
379 3331 505 3407 saeculo,
521 3331 583 3392 fuit
606 3330 799 3411 OEsoptopus
826 3336 895 3392 tam
918 3351 1015 3408 sacer,
1030 3336 1068 3392 ut
1091 3328 1120 3392 ei
1134 3349 1185 3391 res
1199 3349 1270 3390 oon·

164 3438 307 3496 secretas
328 3454 387 3516 pro
402 3432 476 3497 bolo
497 3454 566 3496 esse
589 3433 776 3514 oporteret?
821 3433 949 3516 Ecquis,
967 3454 1004 3496 eo
1020 3433 1145 3510 saeculo,
1161 3438 1272 3494 tantus

166 3534 338 3597 Sacrorum
352 3534 462 3612 hostis,
473 3541 511 3596 ut
527 3555 565 3596 ea
579 3534 749 3606 deuorere;
772 3539 883 3596 tantus
892 3541 1040 3613 votorum,
1051 3541 1088 3596 ut
1104 3555 1141 3596 ea
1155 3535 1273 3595 violare

167 3636 288 3701 vellet?
333 3638 387 3700 Ita
407 3637 551 3700 videtur:
575 3637 618 3698 Et
637 3656 714 3698 sane
733 3657 771 3699 eo
785 3657 837 3698 res
852 3637 946 3714 redit,
962 3622 1000 3699 ut
1018 3636 1201 3698 existiment
1217 3634 1272 3716 qui

166 3739 256 3803 inter
269 3740 460 3820 Interpretes
481 3760 548 3802 non
570 3738 724 3822 postremi
745 3739 826 3801 mihi
849 3746 935 3817 sunt,
951 3739 998 3801 ita
1019 3737 1127 3815 fuisse,
1145 3743 1177 3799 et
1193 3757 1271 3819 quo-

167 3865 241 3908 rum
261 3846 440 3931 nonpauci
462 3851 537 3908 sunt
559 3850 672 3907 nostra
692 3843 762 3922 hac,
782 3865 893 3907 eorum
915 3841 1098 3919 nonnullos,
1115 3861 1152 3903 ea
1168 3847 1272 3916 aetate,

166 3946 359 4012 exstitisses.
405 3949 672 4030 Responsumque
690 3947 752 4010 hoc
768 3947 858 4030 pium
876 3954 908 4010 et
925 3945 1074 4030 prudens,
1091 3945 1136 4027 pii
1151 3952 1184 4008 et
1199 3967 1275 4028 pru-

167 4051 279 4115 dentis
293 4052 400 4134 Repis,
413 4052 455 4115 ad
472 4054 625 4115 Suasores
638 4050 804 4133 quosdam,
817 4051 872 4134 qui
887 4051 949 4114 hoc
959 4050 1007 4112 illi
1021 4049 1175 4112 inducere
1190 4050 1275 4111 vole·

169 4157 251 4221 bant
264 4156 299 4219 iu
323 4157 478 4234 animum,
494 4157 543 4220 Ea
566 4176 637 4238 quae
652 4176 671 4217 a
686 4156 783 4218 Patre
806 4155 885 4237 ejus,
902 4175 921 4217 a
945 4152 1041 4216 Saule
1063 4161 1096 4216 ct
1116 4152 1273 4229 Samuele,

203 4347 216 4381 1
232 4348 310 4543 qpqep,
323 4349 377 4398 xffi,
391 4348 425 4413 7,]
745 4347 796 4396 mel
813 4350 985 4409 susceptorum
1005 4346 1181 4396 retractatione
1203 4355 1278 4405 expo·

204 4477 216 4509 d
272 4412 476 4476 1111111231]
745 4412 832 4460 nunt.”
860 4411 933 4460 Joan.
951 4411 1058 4460 Merceri
1079 4412 1108 4459 in
1128 4411 1184 4466 loc,
1205 4407 1277 4456 Com·

249 4484 264 4505 “
272 4477 376 4529 Hebroei
389 4484 485 4528 ueteres
496 4475 528 4526 de
539 4479 659 4527 uotorum·
668 4490 703 4526 se-
746 4481 823 4525 ment.
837 4475 864 4524 in
876 4475 891 4523 J
894 4476 978 4537 obum,
988 4477 1031 4526 &c
1044 4475 1124 4537 Lugd.
1137 4475 1199 4522 1651
1212 4472 1223 4534 ]

1433 4540 1459 4638 l
