2970 4914
438 277 637 327 uunonomcn
659 278 908 329 nmunmunrro
1158 265 1221 328 155

278 695 471 760 DECIMAE
493 693 594 761 NON
618 698 738 763 SUNT
760 698 1071 764 ABROGANDAE.

171 920 339 985 Tnnnlnos
358 942 426 985 nou
452 921 584 1005 explico
630 921 712 989 Quis
736 921 839 986 nescit
863 921 940 1006 quid
962 923 1004 986 ait
1023 923 1163 1000 Decima,
1187 923 1227 987 de

123 1024 231 1086 deceni
245 1024 390 1107 partibus
404 1027 493 1088 nnc?
538 1025 618 1091 Quis
632 1046 726 1109 porro
742 1025 879 1104 dubitat,
896 1026 974 1109 quid
989 1026 1031 1088 sit
1047 1026 1228 1108 abrepere?

127 1115 279 1211 vel'quod
292 1129 394 1193 fixum
409 1136 458 1194 est
473 1130 561 1213 Lege
576 1131 731 1213 refigere?
754 1130 805 1194 vel
824 1129 910 1193 illius
932 1131 1003 1194 loco
1024 1131 1136 1212 stipent
1158 1150 1228 1193 rur·

126 1233 268 1313 repere?
312 1232 385 1296 Hoc
400 1232 500 1316 igitur
515 1237 656 1316 agamus'.

172 1335 353 1421 Plurimum
375 1335 528 1400 interesse
557 1344 645 1423 puto,
672 1335 759 1420 quod
788 1335 937 1399 Christus
963 1335 1041 1400 tecit
1067 1335 1104 1399 in
1133 1357 1230 1400 eausa

129 1438 256 1500 divortii
265 1435 289 1516 ¹³,
308 1439 417 1512 Qualia
432 1460 555 1522 qnaeqne
569 1460 620 1503 rea
635 1440 674 1502 ab
688 1441 778 1503 initio
786 1438 900 1522 fuerit,
923 1440 961 1502 id
973 1440 1113 1522 primurn
1127 1440 1229 1522 inqui-

128 1561 207 1606 rere.
251 1543 371 1606 AEtatis
391 1543 478 1607 flexu
498 1545 602 1608 multa
623 1550 810 1608 mutantur:
833 1543 1031 1625 Principiam
1047 1543 1147 1629 judex
1161 1565 1229 1608 oer-

128 1645 282 1709 tissimus.
329 1644 457 1730 Quaero:
468 1647 578 1731 igitur,
602 1647 672 1730 quis
694 1647 792 1711 fuerit
814 1647 937 1731 primus
963 1648 1012 1731 (ut
1033 1648 1080 1711 ita
1101 1647 1224 1732 loquar)

128 1750 354 1821 Decumanne?
397 1749 458 1815 Vir
472 1751 578 1834 mapni
592 1751 724 1814 nominis
739 1750 970 1830 Melchisedek‚
990 1751 1074 1816 Gen.
1089 1751 1153 1816 xiv.
1172 1753 1228 1816 20.

131 1823 216 1922 tm
237 1856 362 1935 inan
380 1823 420 1924 rt
442 1856 533 1945 rau,
564 1860 596 1918 et
628 1853 714 1919 nea.
731 1854 784 1917 vn
804 1857 835 1919 2.
862 1851 888 1940 ,a
915 1851 970 1917 ta
998 1851 1134 1932 δεκάτη.
1162 1851 1231 1918 ἀπὸ

129 1952 259 2019 πάντων
280 1952 456 2042 ἐμέρισενὸ
471 1956 646 2021 Abraham.
691 1956 826 2041 Accepit
840 1957 987 2020 Decimae
1005 1956 1229 2028 Melchisedek

131 2057 171 2122 ah
186 2058 391 2124 Abrahamo:
411 2061 611 2143 protritum
625 2060 706 2149 illas,
722 2082 765 2124 an
779 2060 926 2124 debitae?
975 2060 1074 2139 Uitru,
1099 2081 1140 2124 an
1154 2082 1230 2126 vero

121 2163 223 2244 jure?
268 2161 304 2226 si
311 2150 473 2246 protritae
486 2171 519 2228 et
533 2166 626 2243 nitro,
642 2163 737 2226 nihili
757 2170 807 2228 est
822 2170 1058 2246 argumentum,
1075 2171 1109 2226 et
1123 2165 1229 2246 Apos-

130 2265 379 2341 tolusdHebraeis
393 2265 541 2351 imponit,
557 2265 637 2330 dum
645 2267 771 2331 confert
785 2287 860 2330 cum
874 2266 930 2330 illo
946 2266 1086 2331 Levites.
1132 2267 1230 2331 Ratio

131 2370 246 2454 quippe
269 2369 449 2436 dissimilia:
472 2371 671 2454 Levitejure
686 2370 819 2454 exigunt
834 2371 971 2433 decimae
986 2392 1071 2448 suas,
1094 2369 1229 2449 ἐντολὴν

130 2471 194 2560 γὰρ
205 2471 348 2561 ἔχουσιῐε
361 2474 584 2539 Melchisedek
599 2496 681 2554 suaa,
692 2474 767 2558 quia
775 2475 873 2536 votuit
882 2472 1060 2553 Abraham,
1076 2475 1230 2558 nunquia

131 2576 244 2639 debuit.
288 2576 415 2640 Deinde
435 2576 464 2640 si
480 2578 655 2660 gratuitum
675 2584 744 2640 erat
758 2576 820 2641 hoe
831 2598 950 2640 munus
971 2583 1003 2640 et
1018 2578 1112 2656 nitro,
1128 2577 1230 2642 nihilo

132 2679 354 2745 Melchisedek
368 2679 553 2746 Abrahrmo
572 2681 784 2764 praestantior.
828 2681 916 2745 Nam
936 2679 1014 2765 quid
1036 2681 1181 2764 impedit,
1203 2681 1231 2746 si

131 2784 300 2848 demittere
314 2784 410 2850 velim
424 2805 487 2864 me,
503 2790 537 2849 et
558 2785 715 2849 honorem
736 2789 938 2867 spontaneum
955 2783 1006 2848 vel
1026 2783 1172 2866 inferiori
1191 2785 1231 2868 (si

131 2888 179 2955 ita.
191 2888 313 2972 lubeat)
331 2888 505 2954 exhiheret
528 2889 606 2973 quin
628 2895 721 2954 tanto
742 2889 846 2974 major
867 2894 915 2952 est
930 2889 1134 2952 humanitatir
1148 2888 1230 2954 laus.

134 2991 194 3054 Sin
215 2991 278 3056 hoc
300 2991 472 3075 utrobique
489 2991 665 3056 absurdum
684 2998 744 3071 est,
766 2992 914 3056 Decimae
935 3012 1011 3075 ergo
1032 2992 1230 3075 nuncupavit

1281 697 1344 758 143

131 3115 199 3158 non
219 3101 416 3177 spontaneae,
439 3095 495 3160 sed
514 3097 554 3161 de
570 3097 648 3179 jure
662 3096 792 3178 debitur.
836 3096 1050 3180 Iternm'jam
1065 3117 1174 3180 quaero
1189 3095 1230 3160 de
1288 3168 1291 3173 ,

117 3199 204 3281 jure,
220 3199 392 3281 Quojnre?
435 3200 514 3264 Non
530 3197 709 3281 Sacrificii5
731 3199 858 3263 nullum
869 3199 956 3263 enim
971 3197 1106 3264 obtulit:
1129 3200 1231 3263 Bene·

120 3303 274 3375 ¹dictionis
289 3323 375 3385 ergo.
421 3302 594 3367 cohaerent
607 3301 696 3368 enim
710 3302 790 3366 iata:
812 3303 982 3366 Benedinit
996 3302 1228 3382 Melchisedek,

125 3404 274 3466 Decimae
281 3404 395 3485 pendit
410 3403 585 3468 Abraham.

171 3507 192 3568 J
194 3527 246 3569 arn
261 3526 397 3570 assumo.
442 3505 684 3570 Melchisedeko
698 3507 889 3570 benedicenti
908 3506 1057 3569 debentur
1071 3506 1223 3573 Decimae.

126 3609 219 3674 Idem
233 3611 291 3692 jur
313 3609 373 3674 sub
398 3608 527 3674 Christo
544 3615 664 3673 manet.
711 3609 777 3676 Qui
790 3609 825 3672 id
840 3615 986 3673 constare
1000 3611 1128 3692 potest?
1172 3611 1223 3673 Ex

125 3713 320 3794 ver.12,vii.
337 3712 378 3777 ad
393 3712 566 3778 Hebraeos:
589 3712 668 3776 Non
683 3713 720 3776 fit
734 3708 906 3794 μετάθεσις
920 3709 1029 3793 νόμου,
1044 3711 1108 3775 nisi
1122 3736 1223 3793 μετα-

125 3816 292 3900 τιθεμένης
317 3817 374 3897 wir
397 3813 593 3903 ‘Icpocdrna
617 3814 652 3878 id
674 3822 733 3894 eat,
757 3817 817 3879 Jna
840 3837 908 3880 non
934 3813 1134 3897 transfertur,
1158 3816 1222 3879 nisi

125 3924 280 3984 translato
312 3919 507 3985 Sacerdotio.
550 3918 654 4002 Atqui
681 3918 769 3983 idem
795 3917 917 3984 Christi
947 3918 1163 3981 Sacerdotium
1188 3924 1222 3982 et

126 4023 359 4088 Melchisedeki
368 4050 378 4102 3
406 4023 475 4108 (pro
491 4044 564 4107 quo,
580 4023 608 4086 ai
623 4044 702 4106 opus
724 4028 783 4102 est,
802 4023 891 4086 Deus
906 4023 980 4106 Ipse
996 4022 1220 4103 jusjurandum
1278 4042 1342 4104 144

125 4125 318 4208 interponet,
333 4124 451 4188 Psaim.
467 4124 526 4207 cx.)
546 4123 730 4207 Ergo'idern
745 4122 805 4187 sub
826 4132 964 4206 utroque
976 4124 1042 4205 jue.
1088 4123 1218 4188 Christo

124 4227 226 4310 igitur
241 4226 409 4305 debentur,
422 4226 457 4290 in
470 4249 542 4310 quo,
555 4234 588 4290 et
600 4248 619 4289 a
630 4248 703 4311 quo,
716 4233 749 4290 et
759 4248 817 4310 per
829 4247 925 4310 quem
940 4247 1050 4293 omnes
1066 4228 1218 4291 benedicti

125 4351 240 4394 eamne.
284 4330 472 4393 Benedictus
492 4330 568 4414 Ipse
581 4329 617 4394 in
632 4330 756 4394 saecula.
800 4329 891 4396 Quas
906 4351 1033 4414 aequum
1048 4337 1106 4410 est,
1122 4337 1160 4394 ut
1173 4329 1222 4394 illi

189 4473 202 4506 ¹⁰
219 4473 305 4540 [Mati.
317 4476 370 4524 xix.
383 4474 419 4538 8.]
591 4472 597 4506 ¹
619 4474 770 4530 Mandatum
782 4475 850 4526 enim
862 4474 965 4536 hebent,
977 4475 1053 4541 [Hah.
1065 4475 1108 4524 vii.
1122 4473 1156 4540 5.]
