<?xml version="1.0" encoding="UTF-8"?>
<!DOCTYPE html PUBLIC "-//W3C//DTD XHTML 1.0 Transitional//EN"
    "http://www.w3.org/TR/xhtml1/DTD/xhtml1-transitional.dtd">
<html xmlns="http://www.w3.org/1999/xhtml" xml:lang="en" lang="en">
 <head>
  <title>
</title>
<meta http-equiv="Content-Type" content="text/html;charset=utf-8" />
  <meta name='ocr-system' content='tesseract 3.04.00' />
  <meta name='ocr-capabilities' content='ocr_page ocr_carea ocr_par ocr_line ocrx_word'/>
</head>
<body>
  <div class='ocr_page' id='page_1' title='image "./opusculaquaedam00andrgoog/opusculaquaedam00andrgoog_0037.png"; bbox 0 0 2970 4914; ppageno 0'>
   <div class='ocr_carea' id='block_1_1' title="bbox 286 240 1004 302">
    <p class='ocr_par' dir='ltr' id='par_1_1' title="bbox 286 240 1004 302">
     <span class='ocr_line' id='line_1_1' title="bbox 286 240 1004 302; baseline -0.003 -1"><span class='ocrx_word' id='word_1_1' title='bbox 286 240 329 301; x_wconf 80' lang='lat'><strong>22</strong></span> <span class='ocrx_word' id='word_1_2' title='bbox 668 253 785 302; x_wconf 84' lang='lat' dir='ltr'><strong>conoro</strong></span> <span class='ocrx_word' id='word_1_3' title='bbox 806 253 849 300; x_wconf 72' lang='lat' dir='ltr'><strong>nn</strong></span> <span class='ocrx_word' id='word_1_4' title='bbox 873 252 1004 300; x_wconf 84' lang='lat' dir='ltr'><strong>emnun</strong></span> 
     </span>
    </p>
   </div>
   <div class='ocr_carea' id='block_1_2' title="bbox 250 403 1471 3900">
    <p class='ocr_par' dir='ltr' id='par_1_2' title="bbox 288 403 1388 780">
     <span class='ocr_line' id='line_1_2' title="bbox 289 403 1386 492; baseline -0.004 -22"><span class='ocrx_word' id='word_1_5' title='bbox 289 409 379 489; x_wconf 81' lang='lat' dir='ltr'><strong>quius</strong></span> <span class='ocrx_word' id='word_1_6' title='bbox 394 407 556 488; x_wconf 80' lang='lat' dir='ltr'><strong>absynthio</strong></span> <span class='ocrx_word' id='word_1_7' title='bbox 573 407 754 485; x_wconf 81' lang='lat' dir='ltr'><strong>amariores,</strong></span> <span class='ocrx_word' id='word_1_8' title='bbox 771 407 882 492; x_wconf 86' lang='lat' dir='ltr'><strong>gladio</strong></span> <span class='ocrx_word' id='word_1_9' title='bbox 892 407 962 491; x_wconf 91' lang='lat' dir='ltr'><strong>ipso</strong></span> <span class='ocrx_word' id='word_1_10' title='bbox 977 405 1133 470; x_wconf 79' lang='lat' dir='ltr'><strong>acutiores</strong></span> <span class='ocrx_word' id='word_1_11' title='bbox 1143 412 1166 467; x_wconf 82' lang='lat'><strong>¹².</strong></span> <span class='ocrx_word' id='word_1_12' title='bbox 1206 405 1284 487; x_wconf 88' lang='lat' dir='ltr'><strong>Cap.</strong></span> <span class='ocrx_word' id='word_1_13' title='bbox 1300 403 1386 467; x_wconf 82' lang='lat' dir='ltr'><strong>xxiii.</strong></span> 
     </span>
     <span class='ocr_line' id='line_1_3' title="bbox 288 508 1388 592; baseline -0.003 -19"><span class='ocrx_word' id='word_1_14' title='bbox 288 532 353 573; x_wconf 88' lang='lat' dir='ltr'><strong>ver.</strong></span> <span class='ocrx_word' id='word_1_15' title='bbox 370 513 423 573; x_wconf 88' lang='lat'><strong>31.</strong></span> <span class='ocrx_word' id='word_1_16' title='bbox 471 511 512 573; x_wconf 91' lang='lat' dir='ltr'><strong>In</strong></span> <span class='ocrx_word' id='word_1_17' title='bbox 538 512 614 572; x_wconf 78' lang='lat' dir='ltr'><strong>turra</strong></span> <span class='ocrx_word' id='word_1_18' title='bbox 637 516 667 573; x_wconf 89' lang='lat' dir='ltr'><strong>et</strong></span> <span class='ocrx_word' id='word_1_19' title='bbox 691 513 860 574; x_wconf 78' lang='lat' dir='ltr'><em>vinolentia</em></span> <span class='ocrx_word' id='word_1_20' title='bbox 870 537 885 592; x_wconf 87' lang='lat'><em>;</em></span> <span class='ocrx_word' id='word_1_21' title='bbox 916 511 1013 588; x_wconf 85' lang='lat' dir='ltr'><strong>Esca,</strong></span> <span class='ocrx_word' id='word_1_22' title='bbox 1037 510 1103 571; x_wconf 80' lang='lat' dir='ltr'><strong>viai</strong></span> <span class='ocrx_word' id='word_1_23' title='bbox 1127 510 1212 570; x_wconf 74' lang='lat' dir='ltr'><strong>cohr</strong></span> <span class='ocrx_word' id='word_1_24' title='bbox 1237 509 1271 570; x_wconf 92' lang='lat' dir='ltr'><strong>in</strong></span> <span class='ocrx_word' id='word_1_25' title='bbox 1295 508 1388 584; x_wconf 86' lang='lat' dir='ltr'><strong>vitro,</strong></span> 
     </span>
     <span class='ocr_line' id='line_1_4' title="bbox 288 611 1387 696; baseline -0.004 -20"><span class='ocrx_word' id='word_1_26' title='bbox 288 634 384 694; x_wconf 83' lang='lat' dir='ltr'><strong>sapor</strong></span> <span class='ocrx_word' id='word_1_27' title='bbox 397 614 433 675; x_wconf 90' lang='lat' dir='ltr'><strong>in</strong></span> <span class='ocrx_word' id='word_1_28' title='bbox 446 613 572 695; x_wconf 81' lang='lat' dir='ltr'><strong>palat03</strong></span> <span class='ocrx_word' id='word_1_29' title='bbox 602 614 756 695; x_wconf 80' lang='lat' dir='ltr'><strong>Laqueus,</strong></span> <span class='ocrx_word' id='word_1_30' title='bbox 772 635 898 677; x_wconf 89' lang='lat' dir='ltr'><strong>morsus</strong></span> <span class='ocrx_word' id='word_1_31' title='bbox 915 613 1006 696; x_wconf 85' lang='lat' dir='ltr'><strong>quasi</strong></span> <span class='ocrx_word' id='word_1_32' title='bbox 1021 612 1181 692; x_wconf 74' lang='lat' dir='ltr'><strong>Serpentis</strong></span> <span class='ocrx_word' id='word_1_33' title='bbox 1196 616 1251 674; x_wconf 88' lang='lat' dir='ltr'><strong>aut</strong></span> <span class='ocrx_word' id='word_1_34' title='bbox 1266 611 1387 692; x_wconf 76' lang='lat' dir='ltr'><strong>Repeti,</strong></span> 
     </span>
     <span class='ocr_line' id='line_1_5' title="bbox 289 717 978 780; baseline -0.001 -1"><span class='ocrx_word' id='word_1_35' title='bbox 289 724 411 779; x_wconf 86' lang='lat' dir='ltr'><strong>certam</strong></span> <span class='ocrx_word' id='word_1_36' title='bbox 425 738 536 779; x_wconf 88' lang='lat' dir='ltr'><strong>morsu</strong></span> <span class='ocrx_word' id='word_1_37' title='bbox 551 737 609 780; x_wconf 91' lang='lat' dir='ltr'><strong>suo</strong></span> <span class='ocrx_word' id='word_1_38' title='bbox 622 725 760 779; x_wconf 86' lang='lat' dir='ltr'><strong>mortem</strong></span> <span class='ocrx_word' id='word_1_39' title='bbox 775 717 944 780; x_wconf 89' lang='lat' dir='ltr'><strong>inferentis</strong></span> <span class='ocrx_word' id='word_1_40' title='bbox 954 729 978 778; x_wconf 91' lang='lat'><strong>⁰.</strong></span> 
     </span>
    </p>

    <p class='ocr_par' dir='ltr' id='par_1_3' title="bbox 250 817 1471 3900">
     <span class='ocr_line' id='line_1_6' title="bbox 334 817 1388 903; baseline -0.002 -19"><span class='ocrx_word' id='word_1_41' title='bbox 334 821 407 884; x_wconf 88' lang='lat' dir='ltr'><strong>Hoc</strong></span> <span class='ocrx_word' id='word_1_42' title='bbox 421 820 490 903; x_wconf 92' lang='lat' dir='ltr'><strong>ipso</strong></span> <span class='ocrx_word' id='word_1_43' title='bbox 505 820 627 902; x_wconf 82' lang='lat' dir='ltr'><strong>Capite,</strong></span> <span class='ocrx_word' id='word_1_44' title='bbox 643 842 706 884; x_wconf 88' lang='lat' dir='ltr'><strong>ver.</strong></span> <span class='ocrx_word' id='word_1_45' title='bbox 726 823 776 884; x_wconf 79' lang='lat'><strong>17.</strong></span> <span class='ocrx_word' id='word_1_46' title='bbox 822 821 865 884; x_wconf 92' lang='lat' dir='ltr'><strong>In</strong></span> <span class='ocrx_word' id='word_1_47' title='bbox 881 819 994 901; x_wconf 78' lang='lat' dir='ltr'><strong>sarta:</strong></span> <span class='ocrx_word' id='word_1_48' title='bbox 1018 821 1114 898; x_wconf 85' lang='lat' dir='ltr'><strong>Esca,</strong></span> <span class='ocrx_word' id='word_1_49' title='bbox 1133 820 1231 900; x_wconf 80' lang='lat' dir='ltr'><strong>panis</strong></span> <span class='ocrx_word' id='word_1_50' title='bbox 1246 817 1388 899; x_wconf 82' lang='lat' dir='ltr'><strong>fraudis,</strong></span> 
     </span>
     <span class='ocr_line' id='line_1_7' title="bbox 288 923 1390 1013; baseline -0.006 -27"><span class='ocrx_word' id='word_1_51' title='bbox 288 924 437 1001; x_wconf 88' lang='lat' dir='ltr'><strong>furtivus,</strong></span> <span class='ocrx_word' id='word_1_52' title='bbox 461 923 581 1006; x_wconf 83' lang='lat' dir='ltr'><strong>absque</strong></span> <span class='ocrx_word' id='word_1_53' title='bbox 602 924 716 986; x_wconf 84' lang='lat' dir='ltr'><strong>sudore</strong></span> <span class='ocrx_word' id='word_1_54' title='bbox 739 924 912 1007; x_wconf 84' lang='lat' dir='ltr'><strong>quaesitus;</strong></span> <span class='ocrx_word' id='word_1_55' title='bbox 936 924 1092 1004; x_wconf 80' lang='lat' dir='ltr'><strong>Loquens,</strong></span> <span class='ocrx_word' id='word_1_56' title='bbox 1112 928 1278 1003; x_wconf 82' lang='lat' dir='ltr'><strong>peccatam</strong></span> <span class='ocrx_word' id='word_1_57' title='bbox 1304 942 1390 1013; x_wconf 81' lang='lat' dir='ltr'><strong>eom.-</strong></span> 
     </span>
     <span class='ocr_line' id='line_1_8' title="bbox 289 1026 1389 1110; baseline -0.003 -21"><span class='ocrx_word' id='word_1_58' title='bbox 289 1028 382 1110; x_wconf 90' lang='lat' dir='ltr'><strong>plens</strong></span> <span class='ocrx_word' id='word_1_59' title='bbox 406 1047 441 1090; x_wconf 89' lang='lat' dir='ltr'><strong>os</strong></span> <span class='ocrx_word' id='word_1_60' title='bbox 464 1027 580 1104; x_wconf 85' lang='lat' dir='ltr'><strong>sabato,</strong></span> <span class='ocrx_word' id='word_1_61' title='bbox 603 1026 693 1090; x_wconf 85' lang='lat' dir='ltr'><strong>un&#39;de</strong></span> <span class='ocrx_word' id='word_1_62' title='bbox 714 1027 831 1090; x_wconf 82' lang='lat' dir='ltr'><strong>existat</strong></span> <span class='ocrx_word' id='word_1_63' title='bbox 853 1031 983 1090; x_wconf 86' lang='lat' dir='ltr'><strong>necesse</strong></span> <span class='ocrx_word' id='word_1_64' title='bbox 1007 1033 1056 1088; x_wconf 91' lang='lat' dir='ltr'><strong>est</strong></span> <span class='ocrx_word' id='word_1_65' title='bbox 1082 1027 1203 1088; x_wconf 81' lang='lat' dir='ltr'><strong>stridor</strong></span> <span class='ocrx_word' id='word_1_66' title='bbox 1225 1026 1389 1088; x_wconf 73' lang='lat' dir='ltr'><strong>dentiam.</strong></span> 
     </span>
     <span class='ocr_line' id='line_1_9' title="bbox 292 1129 1389 1213; baseline -0.002 -20"><span class='ocrx_word' id='word_1_67' title='bbox 292 1131 401 1194; x_wconf 88' lang='lat' dir='ltr'><strong>Habet</strong></span> <span class='ocrx_word' id='word_1_68' title='bbox 419 1129 574 1213; x_wconf 82' lang='lat' dir='ltr'><strong>(inquam)</strong></span> <span class='ocrx_word' id='word_1_69' title='bbox 594 1132 695 1193; x_wconf 81' lang='lat' dir='ltr'><strong>scetus</strong></span> <span class='ocrx_word' id='word_1_70' title='bbox 709 1151 931 1206; x_wconf 84' lang='lat' dir='ltr'><strong>omneescam,</strong></span> <span class='ocrx_word' id='word_1_71' title='bbox 948 1129 1047 1193; x_wconf 90' lang='lat' dir='ltr'><strong>habet</strong></span> <span class='ocrx_word' id='word_1_72' title='bbox 1063 1137 1096 1192; x_wconf 87' lang='lat' dir='ltr'><strong>et</strong></span> <span class='ocrx_word' id='word_1_73' title='bbox 1112 1131 1276 1211; x_wconf 78' lang='lat' dir='ltr'><strong>laqueans:</strong></span> <span class='ocrx_word' id='word_1_74' title='bbox 1316 1129 1389 1207; x_wconf 87' lang='lat' dir='ltr'><strong>Sed,</strong></span> 
     </span>
     <span class='ocr_line' id='line_1_10' title="bbox 291 1234 1392 1317; baseline 0 -21"><span class='ocrx_word' id='word_1_75' title='bbox 291 1235 331 1296; x_wconf 91' lang='lat' dir='ltr'><strong>de</strong></span> <span class='ocrx_word' id='word_1_76' title='bbox 351 1255 415 1315; x_wconf 92' lang='lat' dir='ltr'><strong>quo</strong></span> <span class='ocrx_word' id='word_1_77' title='bbox 438 1234 573 1316; x_wconf 83' lang='lat' dir='ltr'><strong>agimus,</strong></span> <span class='ocrx_word' id='word_1_78' title='bbox 589 1241 706 1316; x_wconf 88' lang='lat' dir='ltr'><strong>praeter</strong></span> <span class='ocrx_word' id='word_1_79' title='bbox 729 1255 888 1317; x_wconf 84' lang='lat' dir='ltr'><strong>supraque</strong></span> <span class='ocrx_word' id='word_1_80' title='bbox 911 1241 1035 1296; x_wconf 84' lang='lat' dir='ltr'><strong>caetera.</strong></span> <span class='ocrx_word' id='word_1_81' title='bbox 1080 1234 1197 1296; x_wconf 75' lang='lat' dir='ltr'><strong>Essem</strong></span> <span class='ocrx_word' id='word_1_82' title='bbox 1220 1254 1313 1297; x_wconf 90' lang='lat' dir='ltr'><strong>sumo</strong></span> <span class='ocrx_word' id='word_1_83' title='bbox 1334 1254 1392 1315; x_wconf 91' lang='lat' dir='ltr'><strong>pro</strong></span> 
     </span>
     <span class='ocr_line' id='line_1_11' title="bbox 250 1336 1471 1420; baseline -0.002 -20"><span class='ocrx_word' id='word_1_84' title='bbox 250 1410 254 1415; x_wconf 27' lang='lat'>¹</span> <span class='ocrx_word' id='word_1_85' title='bbox 291 1358 461 1400; x_wconf 87' lang='lat' dir='ltr'><strong>concesso:</strong></span> <span class='ocrx_word' id='word_1_86' title='bbox 485 1339 627 1418; x_wconf 78' lang='lat' dir='ltr'><strong>taqueum</strong></span> <span class='ocrx_word' id='word_1_87' title='bbox 649 1344 803 1415; x_wconf 86' lang='lat' dir='ltr'><strong>monstro,</strong></span> <span class='ocrx_word' id='word_1_88' title='bbox 819 1338 870 1401; x_wconf 90' lang='lat' dir='ltr'><strong>vel</strong></span> <span class='ocrx_word' id='word_1_89' title='bbox 893 1337 929 1399; x_wconf 92' lang='lat' dir='ltr'><strong>in</strong></span> <span class='ocrx_word' id='word_1_90' title='bbox 952 1337 1023 1420; x_wconf 90' lang='lat' dir='ltr'><strong>ipsa</strong></span> <span class='ocrx_word' id='word_1_91' title='bbox 1041 1337 1185 1399; x_wconf 83' lang='lat' dir='ltr'><strong>Gentium</strong></span> <span class='ocrx_word' id='word_1_92' title='bbox 1206 1336 1392 1411; x_wconf 77' lang='lat' dir='ltr'><strong>historiasi</strong></span> <span class='ocrx_word' id='word_1_93' title='bbox 1468 1365 1471 1369; x_wconf 93' lang='lat'>·</span> 
     </span>
     <span class='ocr_line' id='line_1_12' title="bbox 291 1439 1391 1524; baseline -0.003 -21"><span class='ocrx_word' id='word_1_94' title='bbox 291 1440 395 1503; x_wconf 87' lang='lat' dir='ltr'><strong>vultis.</strong></span> <span class='ocrx_word' id='word_1_95' title='bbox 422 1440 624 1524; x_wconf 89' lang='lat' dir='ltr'><strong>Cambysem,</strong></span> <span class='ocrx_word' id='word_1_96' title='bbox 637 1441 691 1523; x_wconf 92' lang='lat' dir='ltr'><strong>qui</strong></span> <span class='ocrx_word' id='word_1_97' title='bbox 709 1443 841 1504; x_wconf 84' lang='lat' dir='ltr'><strong>Sacrum</strong></span> <span class='ocrx_word' id='word_1_98' title='bbox 854 1441 1056 1517; x_wconf 79' lang='lat' dir='ltr'><strong>Hammonis,</strong></span> <span class='ocrx_word' id='word_1_99' title='bbox 1070 1440 1169 1513; x_wconf 76' lang='lat' dir='ltr'><strong>exitio</strong></span> <span class='ocrx_word' id='word_1_100' title='bbox 1185 1440 1245 1503; x_wconf 88' lang='lat' dir='ltr'><strong>sibi</strong></span> <span class='ocrx_word' id='word_1_101' title='bbox 1259 1439 1391 1522; x_wconf 59' lang='lat' dir='ltr'><strong>fuisset:</strong></span> 
     </span>
     <span class='ocr_line' id='line_1_13' title="bbox 293 1542 1394 1627; baseline -0.004 -19"><span class='ocrx_word' id='word_1_102' title='bbox 293 1547 473 1622; x_wconf 86' lang='lat' dir='ltr'><strong>Brennum,</strong></span> <span class='ocrx_word' id='word_1_103' title='bbox 490 1545 544 1627; x_wconf 94' lang='lat' dir='ltr'><strong>qui</strong></span> <span class='ocrx_word' id='word_1_104' title='bbox 560 1543 764 1626; x_wconf 89' lang='lat' dir='ltr'><strong>Delphicum,</strong></span> <span class='ocrx_word' id='word_1_105' title='bbox 781 1544 878 1608; x_wconf 89' lang='lat' dir='ltr'><strong>exitio</strong></span> <span class='ocrx_word' id='word_1_106' title='bbox 895 1565 968 1607; x_wconf 92' lang='lat' dir='ltr'><strong>cum</strong></span> <span class='ocrx_word' id='word_1_107' title='bbox 989 1542 1049 1607; x_wconf 90' lang='lat' dir='ltr'><strong>sibi</strong></span> <span class='ocrx_word' id='word_1_108' title='bbox 1071 1551 1143 1605; x_wconf 91' lang='lat' dir='ltr'><strong>tum</strong></span> <span class='ocrx_word' id='word_1_109' title='bbox 1160 1543 1226 1606; x_wconf 90' lang='lat' dir='ltr'><strong>suis</strong></span> <span class='ocrx_word' id='word_1_110' title='bbox 1235 1551 1257 1605; x_wconf 77' lang='lat'><strong>¹.</strong></span> <span class='ocrx_word' id='word_1_111' title='bbox 1301 1544 1394 1606; x_wconf 91' lang='lat' dir='ltr'><strong>Cras·</strong></span> 
     </span>
     <span class='ocr_line' id='line_1_14' title="bbox 293 1646 1394 1733; baseline -0.002 -23"><span class='ocrx_word' id='word_1_112' title='bbox 293 1669 363 1710; x_wconf 91' lang='lat' dir='ltr'><strong>sum</strong></span> <span class='ocrx_word' id='word_1_113' title='bbox 390 1668 474 1725; x_wconf 87' lang='lat' dir='ltr'><strong>vero,</strong></span> <span class='ocrx_word' id='word_1_114' title='bbox 496 1648 551 1730; x_wconf 92' lang='lat' dir='ltr'><strong>qui</strong></span> <span class='ocrx_word' id='word_1_115' title='bbox 577 1648 918 1733; x_wconf 89' lang='lat' dir='ltr'><strong>Hierosolymitanum,</strong></span> <span class='ocrx_word' id='word_1_116' title='bbox 944 1647 1058 1710; x_wconf 88' lang='lat' dir='ltr'><strong>iisdem</strong></span> <span class='ocrx_word' id='word_1_117' title='bbox 1080 1647 1225 1711; x_wconf 84' lang='lat' dir='ltr'><strong>faucibus</strong></span> <span class='ocrx_word' id='word_1_118' title='bbox 1249 1646 1394 1710; x_wconf 86' lang='lat' dir='ltr'><strong>hausisse</strong></span> 
     </span>
     <span class='ocr_line' id='line_1_15' title="bbox 291 1750 1392 1834; baseline 0 -22"><span class='ocrx_word' id='word_1_119' title='bbox 291 1756 364 1833; x_wconf 89' lang='lat' dir='ltr'><strong>post</strong></span> <span class='ocrx_word' id='word_1_120' title='bbox 394 1771 508 1813; x_wconf 84' lang='lat' dir='ltr'><strong>aurum</strong></span> <span class='ocrx_word' id='word_1_121' title='bbox 538 1751 755 1834; x_wconf 87' lang='lat' dir='ltr'><strong>liquefactum,</strong></span> <span class='ocrx_word' id='word_1_122' title='bbox 790 1751 906 1834; x_wconf 90' lang='lat' dir='ltr'><strong>quibus</strong></span> <span class='ocrx_word' id='word_1_123' title='bbox 940 1758 1015 1814; x_wconf 88' lang='lat' dir='ltr'><strong>ante</strong></span> <span class='ocrx_word' id='word_1_124' title='bbox 1052 1771 1178 1813; x_wconf 82' lang='lat' dir='ltr'><strong>sacrum</strong></span> <span class='ocrx_word' id='word_1_125' title='bbox 1213 1750 1392 1813; x_wconf 77' lang='lat' dir='ltr'><strong>hauserat⁸.</strong></span> 
     </span>
     <span class='ocr_line' id='line_1_16' title="bbox 293 1852 1395 1937; baseline -0.001 -21"><span class='ocrx_word' id='word_1_126' title='bbox 293 1852 450 1916; x_wconf 90' lang='lat' dir='ltr'><strong>Mavultis</strong></span> <span class='ocrx_word' id='word_1_127' title='bbox 474 1854 602 1918; x_wconf 82' lang='lat' dir='ltr'><strong>Sacra?</strong></span> <span class='ocrx_word' id='word_1_128' title='bbox 630 1875 813 1937; x_wconf 82' lang='lat' dir='ltr'><strong>assequor.</strong></span> <span class='ocrx_word' id='word_1_129' title='bbox 859 1854 1002 1932; x_wconf 89' lang='lat' dir='ltr'><strong>Dathan,</strong></span> <span class='ocrx_word' id='word_1_130' title='bbox 1019 1854 1073 1936; x_wconf 93' lang='lat' dir='ltr'><strong>qui</strong></span> <span class='ocrx_word' id='word_1_131' title='bbox 1097 1854 1242 1917; x_wconf 90' lang='lat' dir='ltr'><strong>animum</strong></span> <span class='ocrx_word' id='word_1_132' title='bbox 1265 1860 1395 1916; x_wconf 90' lang='lat' dir='ltr'><strong>tautum</strong></span> 
     </span>
     <span class='ocr_line' id='line_1_17' title="bbox 293 1956 1396 2040; baseline 0 -21"><span class='ocrx_word' id='word_1_133' title='bbox 293 1956 407 2021; x_wconf 90' lang='lat' dir='ltr'><strong>habuit</strong></span> <span class='ocrx_word' id='word_1_134' title='bbox 436 1978 530 2021; x_wconf 81' lang='lat' dir='ltr'><strong>secra</strong></span> <span class='ocrx_word' id='word_1_135' title='bbox 560 1959 740 2037; x_wconf 81' lang='lat' dir='ltr'><strong>devorandi,</strong></span> <span class='ocrx_word' id='word_1_136' title='bbox 772 1981 791 2020; x_wconf 90' lang='lat' dir='ltr'><strong>a</strong></span> <span class='ocrx_word' id='word_1_137' title='bbox 820 1965 908 2021; x_wconf 88' lang='lat' dir='ltr'><strong>terra</strong></span> <span class='ocrx_word' id='word_1_138' title='bbox 937 1959 1131 2021; x_wconf 66' lang='lat' dir='ltr'><strong>innatast.</strong></span> <span class='ocrx_word' id='word_1_139' title='bbox 1181 1959 1309 2034; x_wconf 89' lang='lat' dir='ltr'><strong>Achan,</strong></span> <span class='ocrx_word' id='word_1_140' title='bbox 1340 1957 1396 2040; x_wconf 93' lang='lat' dir='ltr'><strong>qui</strong></span> 
     </span>
     <span class='ocr_line' id='line_1_18' title="bbox 294 2059 1394 2143; baseline 0 -21"><span class='ocrx_word' id='word_1_141' title='bbox 294 2061 416 2142; x_wconf 88' lang='lat' dir='ltr'><strong>primus</strong></span> <span class='ocrx_word' id='word_1_142' title='bbox 432 2060 569 2143; x_wconf 86' lang='lat' dir='ltr'><strong>adjicere</strong></span> <span class='ocrx_word' id='word_1_143' title='bbox 590 2083 685 2124; x_wconf 91' lang='lat' dir='ltr'><strong>ausus</strong></span> <span class='ocrx_word' id='word_1_144' title='bbox 708 2082 773 2123; x_wconf 83' lang='lat' dir='ltr'><strong>rem</strong></span> <span class='ocrx_word' id='word_1_145' title='bbox 792 2081 917 2124; x_wconf 84' lang='lat' dir='ltr'><strong>sacram</strong></span> <span class='ocrx_word' id='word_1_146' title='bbox 939 2059 979 2123; x_wconf 90' lang='lat' dir='ltr'><strong>ad</strong></span> <span class='ocrx_word' id='word_1_147' title='bbox 1002 2082 1093 2123; x_wconf 90' lang='lat' dir='ltr'><strong>suam</strong></span> <span class='ocrx_word' id='word_1_148' title='bbox 1118 2060 1358 2143; x_wconf 89' lang='lat' dir='ltr'><strong>supellectilem,</strong></span> <span class='ocrx_word' id='word_1_149' title='bbox 1375 2081 1394 2121; x_wconf 92' lang='lat' dir='ltr'><strong>a</strong></span> 
     </span>
     <span class='ocr_line' id='line_1_19' title="bbox 295 2163 1396 2246; baseline 0 -21"><span class='ocrx_word' id='word_1_150' title='bbox 295 2171 382 2226; x_wconf 88' lang='lat' dir='ltr'><strong>strue</strong></span> <span class='ocrx_word' id='word_1_151' title='bbox 398 2163 542 2246; x_wconf 89' lang='lat' dir='ltr'><strong>lapidum</strong></span> <span class='ocrx_word' id='word_1_152' title='bbox 559 2165 724 2228; x_wconf 83' lang='lat' dir='ltr'><strong>devoratas</strong></span> <span class='ocrx_word' id='word_1_153' title='bbox 742 2165 778 2227; x_wconf 88' lang='lat' dir='ltr'><strong>in</strong></span> <span class='ocrx_word' id='word_1_154' title='bbox 792 2165 874 2227; x_wconf 89' lang='lat' dir='ltr'><strong>valle</strong></span> <span class='ocrx_word' id='word_1_155' title='bbox 888 2164 1025 2228; x_wconf 68' lang='lat' dir='ltr'><strong>achara</strong></span> <span class='ocrx_word' id='word_1_156' title='bbox 1072 2164 1254 2243; x_wconf 83' lang='lat' dir='ltr'><strong>Balthanar,</strong></span> <span class='ocrx_word' id='word_1_157' title='bbox 1271 2185 1345 2226; x_wconf 88' lang='lat' dir='ltr'><strong>cum</strong></span> <span class='ocrx_word' id='word_1_158' title='bbox 1360 2163 1396 2225; x_wconf 92' lang='lat' dir='ltr'><strong>in</strong></span> 
     </span>
     <span class='ocr_line' id='line_1_20' title="bbox 296 2265 1394 2350; baseline 0.002 -22"><span class='ocrx_word' id='word_1_159' title='bbox 296 2266 405 2347; x_wconf 86' lang='lat' dir='ltr'><strong>digitis</strong></span> <span class='ocrx_word' id='word_1_160' title='bbox 435 2265 568 2330; x_wconf 88' lang='lat' dir='ltr'><strong>haberet</strong></span> <span class='ocrx_word' id='word_1_161' title='bbox 605 2275 741 2330; x_wconf 81' lang='lat' dir='ltr'><strong>crateres</strong></span> <span class='ocrx_word' id='word_1_162' title='bbox 772 2268 898 2346; x_wconf 77' lang='lat' dir='ltr'><strong>Sacros,</strong></span> <span class='ocrx_word' id='word_1_163' title='bbox 929 2267 1046 2350; x_wconf 85' lang='lat' dir='ltr'><strong>digitos</strong></span> <span class='ocrx_word' id='word_1_164' title='bbox 1074 2267 1154 2330; x_wconf 84' lang='lat' dir='ltr'><strong>vidit</strong></span> <span class='ocrx_word' id='word_1_165' title='bbox 1184 2288 1222 2330; x_wconf 81' lang='lat' dir='ltr'><strong>ex</strong></span> <span class='ocrx_word' id='word_1_166' title='bbox 1252 2267 1394 2343; x_wconf 89' lang='lat' dir='ltr'><strong>adverso,</strong></span> 
     </span>
     <span class='ocr_line' id='line_1_21' title="bbox 296 2369 1396 2454; baseline 0 -23"><span class='ocrx_word' id='word_1_167' title='bbox 296 2369 410 2433; x_wconf 87' lang='lat' dir='ltr'><strong>fatales</strong></span> <span class='ocrx_word' id='word_1_168' title='bbox 424 2376 496 2433; x_wconf 89' lang='lat' dir='ltr'><strong>tum</strong></span> <span class='ocrx_word' id='word_1_169' title='bbox 510 2371 594 2449; x_wconf 80' lang='lat' dir='ltr'><strong>vitae,</strong></span> <span class='ocrx_word' id='word_1_170' title='bbox 610 2377 681 2434; x_wconf 92' lang='lat' dir='ltr'><strong>tum</strong></span> <span class='ocrx_word' id='word_1_171' title='bbox 696 2371 830 2453; x_wconf 89' lang='lat' dir='ltr'><strong>imperio</strong></span> <span class='ocrx_word' id='word_1_172' title='bbox 844 2371 943 2454; x_wconf 87' lang='lat' dir='ltr'><strong>ipsius</strong></span> <span class='ocrx_word' id='word_1_173' title='bbox 949 2380 973 2434; x_wconf 81' lang='lat'><strong>¹.</strong></span> <span class='ocrx_word' id='word_1_174' title='bbox 1019 2370 1159 2448; x_wconf 90' lang='lat' dir='ltr'><strong>Athalia,</strong></span> <span class='ocrx_word' id='word_1_175' title='bbox 1175 2370 1262 2432; x_wconf 90' lang='lat' dir='ltr'><strong>intra</strong></span> <span class='ocrx_word' id='word_1_176' title='bbox 1280 2371 1396 2452; x_wconf 81' lang='lat' dir='ltr'><strong>Tempt’</strong></span> 
     </span>
     <span class='ocr_line' id='line_1_22' title="bbox 297 2473 1397 2558; baseline -0.001 -22"><span class='ocrx_word' id='word_1_177' title='bbox 297 2473 452 2555; x_wconf 89' lang='lat' dir='ltr'><strong>pomoeria</strong></span> <span class='ocrx_word' id='word_1_178' title='bbox 475 2475 621 2538; x_wconf 88' lang='lat' dir='ltr'><strong>confossa</strong></span> <span class='ocrx_word' id='word_1_179' title='bbox 644 2473 768 2557; x_wconf 85' lang='lat' dir='ltr'><strong>gladiis,</strong></span> <span class='ocrx_word' id='word_1_180' title='bbox 791 2475 861 2558; x_wconf 87' lang='lat' dir='ltr'><strong>ejus</strong></span> <span class='ocrx_word' id='word_1_181' title='bbox 882 2473 982 2557; x_wconf 89' lang='lat' dir='ltr'><strong>ipsius</strong></span> <span class='ocrx_word' id='word_1_182' title='bbox 1006 2475 1132 2555; x_wconf 78' lang='lat' dir='ltr'><strong>Templi,</strong></span> <span class='ocrx_word' id='word_1_183' title='bbox 1149 2474 1241 2556; x_wconf 83' lang='lat' dir='ltr'><strong>cujus</strong></span> <span class='ocrx_word' id='word_1_184' title='bbox 1262 2494 1329 2536; x_wconf 92' lang='lat' dir='ltr'><strong>non</strong></span> <span class='ocrx_word' id='word_1_185' title='bbox 1349 2473 1397 2535; x_wconf 92' lang='lat' dir='ltr'><strong>ita</strong></span> 
     </span>
     <span class='ocr_line' id='line_1_23' title="bbox 297 2576 1395 2661; baseline 0 -23"><span class='ocrx_word' id='word_1_186' title='bbox 297 2577 420 2659; x_wconf 87' lang='lat' dir='ltr'><strong>pridem</strong></span> <span class='ocrx_word' id='word_1_187' title='bbox 435 2597 528 2641; x_wconf 82' lang='lat' dir='ltr'><strong>saera</strong></span> <span class='ocrx_word' id='word_1_188' title='bbox 544 2579 717 2642; x_wconf 88' lang='lat' dir='ltr'><strong>sustulerat</strong></span> <span class='ocrx_word' id='word_1_189' title='bbox 726 2589 749 2641; x_wconf 62' lang='grc' dir='ltr'><strong>Υ.</strong></span> <span class='ocrx_word' id='word_1_190' title='bbox 795 2579 919 2641; x_wconf 87' lang='lat' dir='ltr'><strong>Verum</strong></span> <span class='ocrx_word' id='word_1_191' title='bbox 934 2577 1009 2660; x_wconf 90' lang='lat' dir='ltr'><strong>quia</strong></span> <span class='ocrx_word' id='word_1_192' title='bbox 1029 2577 1064 2640; x_wconf 91' lang='lat' dir='ltr'><strong>in</strong></span> <span class='ocrx_word' id='word_1_193' title='bbox 1086 2576 1217 2661; x_wconf 82' lang='lat' dir='ltr'><strong>proclivi</strong></span> <span class='ocrx_word' id='word_1_194' title='bbox 1232 2576 1322 2640; x_wconf 89' lang='lat' dir='ltr'><strong>labor</strong></span> <span class='ocrx_word' id='word_1_195' title='bbox 1337 2583 1395 2654; x_wconf 87' lang='lat' dir='ltr'><strong>est,</strong></span> 
     </span>
     <span class='ocr_line' id='line_1_24' title="bbox 296 2679 1397 2763; baseline -0.001 -21"><span class='ocrx_word' id='word_1_196' title='bbox 296 2682 422 2743; x_wconf 85' lang='lat' dir='ltr'><strong>sceleris</strong></span> <span class='ocrx_word' id='word_1_197' title='bbox 443 2681 537 2744; x_wconf 89' lang='lat' dir='ltr'><strong>istius</strong></span> <span class='ocrx_word' id='word_1_198' title='bbox 560 2681 726 2759; x_wconf 89' lang='lat' dir='ltr'><strong>ultionem,</strong></span> <span class='ocrx_word' id='word_1_199' title='bbox 743 2680 803 2744; x_wconf 90' lang='lat' dir='ltr'><strong>sub</strong></span> <span class='ocrx_word' id='word_1_200' title='bbox 820 2681 912 2762; x_wconf 71' lang='lat' dir='ltr'><strong>Lepe,</strong></span> <span class='ocrx_word' id='word_1_201' title='bbox 928 2680 1117 2763; x_wconf 90' lang='lat' dir='ltr'><strong>reperiendi,</strong></span> <span class='ocrx_word' id='word_1_202' title='bbox 1134 2701 1171 2743; x_wconf 90' lang='lat' dir='ltr'><strong>ac</strong></span> <span class='ocrx_word' id='word_1_203' title='bbox 1193 2685 1341 2763; x_wconf 87' lang='lat' dir='ltr'><strong>suspecta</strong></span> <span class='ocrx_word' id='word_1_204' title='bbox 1362 2679 1397 2740; x_wconf 92' lang='lat' dir='ltr'><strong>in</strong></span> 
     </span>
     <span class='ocr_line' id='line_1_25' title="bbox 299 2783 1395 2865; baseline -0.002 -19"><span class='ocrx_word' id='word_1_205' title='bbox 299 2784 473 2865; x_wconf 84' lang='lat' dir='ltr'><strong>quaestione</strong></span> <span class='ocrx_word' id='word_1_206' title='bbox 488 2784 548 2847; x_wconf 90' lang='lat' dir='ltr'><strong>hac</strong></span> <span class='ocrx_word' id='word_1_207' title='bbox 563 2784 642 2846; x_wconf 89' lang='lat' dir='ltr'><strong>fides</strong></span> <span class='ocrx_word' id='word_1_208' title='bbox 658 2785 845 2846; x_wconf 81' lang='lat' dir='ltr'><strong>Testamenti</strong></span> <span class='ocrx_word' id='word_1_209' title='bbox 860 2784 989 2861; x_wconf 77' lang='lat' dir='ltr'><strong>Veteris,</strong></span> <span class='ocrx_word' id='word_1_210' title='bbox 1002 2783 1086 2846; x_wconf 88' lang='lat' dir='ltr'><strong>malo</strong></span> <span class='ocrx_word' id='word_1_211' title='bbox 1102 2783 1141 2847; x_wconf 87' lang='lat' dir='ltr'><strong>de</strong></span> <span class='ocrx_word' id='word_1_212' title='bbox 1156 2783 1245 2845; x_wconf 85' lang='lat' dir='ltr'><strong>Novo</strong></span> <span class='ocrx_word' id='word_1_213' title='bbox 1261 2803 1395 2845; x_wconf 89' lang='lat' dir='ltr'><strong>sumere.</strong></span> 
     </span>
     <span class='ocr_line' id='line_1_26' title="bbox 299 2885 1397 2970; baseline -0.001 -22"><span class='ocrx_word' id='word_1_214' title='bbox 299 2886 351 2948; x_wconf 92' lang='lat' dir='ltr'><strong>Ibi</strong></span> <span class='ocrx_word' id='word_1_215' title='bbox 372 2887 392 2948; x_wconf 89' lang='lat' dir='ltr'><strong>J</strong></span> <span class='ocrx_word' id='word_1_216' title='bbox 394 2885 484 2962; x_wconf 91' lang='lat' dir='ltr'><strong>udas,</strong></span> <span class='ocrx_word' id='word_1_217' title='bbox 501 2886 556 2969; x_wconf 92' lang='lat' dir='ltr'><strong>qui</strong></span> <span class='ocrx_word' id='word_1_218' title='bbox 570 2907 639 2948; x_wconf 90' lang='lat' dir='ltr'><strong>rem</strong></span> <span class='ocrx_word' id='word_1_219' title='bbox 655 2887 775 2950; x_wconf 86' lang='lat' dir='ltr'><strong>Christi</strong></span> <span class='ocrx_word' id='word_1_220' title='bbox 796 2887 900 2970; x_wconf 90' lang='lat' dir='ltr'><strong>primo</strong></span> <span class='ocrx_word' id='word_1_221' title='bbox 923 2886 1081 2969; x_wconf 84' lang='lat' dir='ltr'><strong>expilavit,</strong></span> <span class='ocrx_word' id='word_1_222' title='bbox 1098 2886 1264 2951; x_wconf 88' lang='lat' dir='ltr'><strong>Christum</strong></span> <span class='ocrx_word' id='word_1_223' title='bbox 1284 2887 1397 2968; x_wconf 90' lang='lat' dir='ltr'><strong>Ipsum</strong></span> 
     </span>
     <span class='ocr_line' id='line_1_27' title="bbox 298 2988 1398 3072; baseline 0.001 -21"><span class='ocrx_word' id='word_1_224' title='bbox 298 2995 379 3072; x_wconf 86' lang='lat' dir='ltr'><strong>post,</strong></span> <span class='ocrx_word' id='word_1_225' title='bbox 396 2989 510 3070; x_wconf 87' lang='lat' dir='ltr'><strong>prioris</strong></span> <span class='ocrx_word' id='word_1_226' title='bbox 532 2989 655 3071; x_wconf 89' lang='lat' dir='ltr'><strong>peccati</strong></span> <span class='ocrx_word' id='word_1_227' title='bbox 674 3011 779 3072; x_wconf 89' lang='lat' dir='ltr'><strong>poena,</strong></span> <span class='ocrx_word' id='word_1_228' title='bbox 795 2988 946 3072; x_wconf 90' lang='lat' dir='ltr'><strong>prodidit,</strong></span> <span class='ocrx_word' id='word_1_229' title='bbox 963 2990 1104 3070; x_wconf 81' lang='lat' dir='ltr'><strong>laqueum</strong></span> <span class='ocrx_word' id='word_1_230' title='bbox 1125 2989 1160 3052; x_wconf 91' lang='lat' dir='ltr'><strong>in</strong></span> <span class='ocrx_word' id='word_1_231' title='bbox 1181 2989 1276 3052; x_wconf 89' lang='lat' dir='ltr'><strong>rebus</strong></span> <span class='ocrx_word' id='word_1_232' title='bbox 1297 2990 1398 3052; x_wconf 85' lang='lat' dir='ltr'><strong>sacris</strong></span> 
     </span>
     <span class='ocr_line' id='line_1_28' title="bbox 298 3091 1398 3175; baseline 0.001 -20"><span class='ocrx_word' id='word_1_233' title='bbox 298 3095 398 3155; x_wconf 87' lang='lat' dir='ltr'><strong>latere</strong></span> <span class='ocrx_word' id='word_1_234' title='bbox 421 3093 507 3155; x_wconf 89' lang='lat' dir='ltr'><strong>tristi</strong></span> <span class='ocrx_word' id='word_1_235' title='bbox 531 3091 676 3175; x_wconf 81' lang='lat' dir='ltr'><strong>exemplo</strong></span> <span class='ocrx_word' id='word_1_236' title='bbox 701 3092 836 3156; x_wconf 49' lang='lat' dir='ltr'><strong>docuit&amp;</strong></span> <span class='ocrx_word' id='word_1_237' title='bbox 883 3093 956 3156; x_wconf 90' lang='lat' dir='ltr'><strong>Hoc</strong></span> <span class='ocrx_word' id='word_1_238' title='bbox 983 3092 1038 3175; x_wconf 90' lang='lat' dir='ltr'><strong>qui</strong></span> <span class='ocrx_word' id='word_1_239' title='bbox 1063 3113 1132 3156; x_wconf 89' lang='lat' dir='ltr'><strong>rem</strong></span> <span class='ocrx_word' id='word_1_240' title='bbox 1153 3093 1284 3157; x_wconf 88' lang='lat' dir='ltr'><strong>Christi.</strong></span> <span class='ocrx_word' id='word_1_241' title='bbox 1333 3093 1398 3158; x_wconf 79' lang='lat' dir='ltr'><strong>Qui</strong></span> 
     </span>
     <span class='ocr_line' id='line_1_29' title="bbox 298 3195 1397 3279; baseline -0.002 -19"><span class='ocrx_word' id='word_1_242' title='bbox 298 3217 373 3260; x_wconf 81' lang='lat' dir='ltr'><strong>vero</strong></span> <span class='ocrx_word' id='word_1_243' title='bbox 402 3216 470 3258; x_wconf 91' lang='lat' dir='ltr'><strong>rem</strong></span> <span class='ocrx_word' id='word_1_244' title='bbox 495 3196 645 3259; x_wconf 77' lang='lat' dir='ltr'><strong>Ecclesia</strong></span> <span class='ocrx_word' id='word_1_245' title='bbox 675 3197 870 3279; x_wconf 83' lang='lat' dir='ltr'><strong>(quanquam</strong></span> <span class='ocrx_word' id='word_1_246' title='bbox 899 3195 987 3259; x_wconf 91' lang='lat' dir='ltr'><strong>idem</strong></span> <span class='ocrx_word' id='word_1_247' title='bbox 1017 3196 1077 3277; x_wconf 89' lang='lat' dir='ltr'><strong>est)</strong></span> <span class='ocrx_word' id='word_1_248' title='bbox 1113 3196 1209 3279; x_wconf 90' lang='lat' dir='ltr'><strong>primi</strong></span> <span class='ocrx_word' id='word_1_249' title='bbox 1238 3195 1397 3275; x_wconf 89' lang='lat' dir='ltr'><strong>invadere,</strong></span> 
     </span>
     <span class='ocr_line' id='line_1_30' title="bbox 298 3298 1399 3383; baseline -0.002 -20"><span class='ocrx_word' id='word_1_250' title='bbox 298 3320 359 3363; x_wconf 89' lang='lat' dir='ltr'><strong>nec</strong></span> <span class='ocrx_word' id='word_1_251' title='bbox 382 3319 494 3382; x_wconf 89' lang='lat' dir='ltr'><strong>rapere</strong></span> <span class='ocrx_word' id='word_1_252' title='bbox 513 3301 582 3382; x_wconf 88' lang='lat' dir='ltr'><strong>jam</strong></span> <span class='ocrx_word' id='word_1_253' title='bbox 606 3299 769 3378; x_wconf 85' lang='lat' dir='ltr'><strong>donatam,</strong></span> <span class='ocrx_word' id='word_1_254' title='bbox 794 3300 849 3363; x_wconf 90' lang='lat' dir='ltr'><strong>sed</strong></span> <span class='ocrx_word' id='word_1_255' title='bbox 872 3305 1045 3383; x_wconf 87' lang='lat' dir='ltr'><strong>antequam</strong></span> <span class='ocrx_word' id='word_1_256' title='bbox 1067 3299 1186 3362; x_wconf 87' lang='lat' dir='ltr'><strong>donata</strong></span> <span class='ocrx_word' id='word_1_257' title='bbox 1207 3306 1300 3377; x_wconf 89' lang='lat' dir='ltr'><strong>esset,</strong></span> <span class='ocrx_word' id='word_1_258' title='bbox 1318 3298 1399 3361; x_wconf 90' lang='lat' dir='ltr'><strong>deti·</strong></span> 
     </span>
     <span class='ocr_line' id='line_1_31' title="bbox 299 3402 1396 3488; baseline 0.001 -24"><span class='ocrx_word' id='word_1_259' title='bbox 299 3423 376 3465; x_wconf 90' lang='lat' dir='ltr'><strong>nere</strong></span> <span class='ocrx_word' id='word_1_260' title='bbox 390 3408 520 3465; x_wconf 91' lang='lat' dir='ltr'><strong>tantum</strong></span> <span class='ocrx_word' id='word_1_261' title='bbox 536 3403 604 3466; x_wconf 90' lang='lat' dir='ltr'><strong>ausi</strong></span> <span class='ocrx_word' id='word_1_262' title='bbox 620 3409 705 3481; x_wconf 91' lang='lat' dir='ltr'><strong>sunt,</strong></span> <span class='ocrx_word' id='word_1_263' title='bbox 722 3403 907 3488; x_wconf 82' lang='lat' dir='ltr'><strong>(Evangelio</strong></span> <span class='ocrx_word' id='word_1_264' title='bbox 923 3403 1137 3486; x_wconf 90' lang='lat' dir='ltr'><strong>nequicquam</strong></span> <span class='ocrx_word' id='word_1_265' title='bbox 1152 3402 1396 3483; x_wconf 66' lang='lat' dir='ltr'><strong>intercedente)</strong></span> 
     </span>
     <span class='ocr_line' id='line_1_32' title="bbox 300 3505 1400 3589; baseline -0.001 -21"><span class='ocrx_word' id='word_1_266' title='bbox 300 3506 447 3589; x_wconf 87' lang='lat' dir='ltr'><strong>Apostoli</strong></span> <span class='ocrx_word' id='word_1_267' title='bbox 458 3506 558 3589; x_wconf 89' lang='lat' dir='ltr'><strong>ipsius</strong></span> <span class='ocrx_word' id='word_1_268' title='bbox 571 3527 634 3586; x_wconf 86' lang='lat' dir='ltr'><strong>ore,</strong></span> <span class='ocrx_word' id='word_1_269' title='bbox 647 3507 808 3570; x_wconf 89' lang='lat' dir='ltr'><strong>horrenda</strong></span> <span class='ocrx_word' id='word_1_270' title='bbox 822 3515 926 3571; x_wconf 87' lang='lat' dir='ltr'><strong>morte</strong></span> <span class='ocrx_word' id='word_1_271' title='bbox 942 3505 1090 3571; x_wconf 89' lang='lat' dir='ltr'><strong>suffocati</strong></span> <span class='ocrx_word' id='word_1_272' title='bbox 1101 3514 1207 3570; x_wconf 33' lang='lat' dir='ltr'><strong>*sunta</strong></span> <span class='ocrx_word' id='word_1_273' title='bbox 1244 3507 1316 3572; x_wconf 79' lang='lat' dir='ltr'><strong>Quo</strong></span> <span class='ocrx_word' id='word_1_274' title='bbox 1331 3505 1400 3588; x_wconf 93' lang='lat' dir='ltr'><strong>ipso</strong></span> 
     </span>
     <span class='ocr_line' id='line_1_33' title="bbox 300 3608 1401 3693; baseline -0.003 -21"><span class='ocrx_word' id='word_1_275' title='bbox 300 3610 381 3686; x_wconf 86' lang='lat' dir='ltr'><strong>loce,</strong></span> <span class='ocrx_word' id='word_1_276' title='bbox 408 3609 574 3693; x_wconf 88' lang='lat' dir='ltr'><strong>paululum</strong></span> <span class='ocrx_word' id='word_1_277' title='bbox 604 3611 772 3675; x_wconf 86' lang='lat' dir='ltr'><strong>morabor:</strong></span> <span class='ocrx_word' id='word_1_278' title='bbox 816 3612 876 3674; x_wconf 87' lang='lat' dir='ltr'><strong>Est</strong></span> <span class='ocrx_word' id='word_1_279' title='bbox 906 3611 1002 3688; x_wconf 90' lang='lat' dir='ltr'><strong>enim,</strong></span> <span class='ocrx_word' id='word_1_280' title='bbox 1027 3617 1064 3673; x_wconf 86' lang='lat' dir='ltr'><strong>ut</strong></span> <span class='ocrx_word' id='word_1_281' title='bbox 1089 3609 1333 3692; x_wconf 89' lang='lat' dir='ltr'><strong>pulcherrimus,</strong></span> <span class='ocrx_word' id='word_1_282' title='bbox 1354 3608 1401 3670; x_wconf 88' lang='lat' dir='ltr'><strong>ita</strong></span> 
     </span>
     <span class='ocr_line' id='line_1_34' title="bbox 301 3710 1399 3800; baseline -0.002 -25"><span class='ocrx_word' id='word_1_283' title='bbox 301 3715 440 3777; x_wconf 88' lang='lat' dir='ltr'><strong>maxime</strong></span> <span class='ocrx_word' id='word_1_284' title='bbox 469 3714 632 3798; x_wconf 89' lang='lat' dir='ltr'><strong>appositus</strong></span> <span class='ocrx_word' id='word_1_285' title='bbox 669 3715 710 3779; x_wconf 91' lang='lat' dir='ltr'><strong>ad</strong></span> <span class='ocrx_word' id='word_1_286' title='bbox 747 3716 954 3798; x_wconf 87' lang='lat' dir='ltr'><strong>quaestionem</strong></span> <span class='ocrx_word' id='word_1_287' title='bbox 982 3714 1076 3776; x_wconf 88' lang='lat' dir='ltr'><strong>hanc.</strong></span> <span class='ocrx_word' id='word_1_288' title='bbox 1122 3714 1258 3800; x_wconf 89' lang='lat' dir='ltr'><strong>Constat</strong></span> <span class='ocrx_word' id='word_1_289' title='bbox 1287 3710 1399 3792; x_wconf 91' lang='lat' dir='ltr'><strong>primo,</strong></span> 
     </span>
     <span class='ocr_line' id='line_1_35' title="bbox 302 3812 1400 3900; baseline -0.005 -20"><span class='ocrx_word' id='word_1_290' title='bbox 302 3817 399 3880; x_wconf 90' lang='lat' dir='ltr'><strong>Posse</strong></span> <span class='ocrx_word' id='word_1_291' title='bbox 421 3825 453 3880; x_wconf 92' lang='lat' dir='ltr'><strong>et</strong></span> <span class='ocrx_word' id='word_1_292' title='bbox 477 3819 537 3881; x_wconf 91' lang='lat' dir='ltr'><strong>sub</strong></span> <span class='ocrx_word' id='word_1_293' title='bbox 557 3817 742 3900; x_wconf 83' lang='lat' dir='ltr'><strong>Evangelio,</strong></span> <span class='ocrx_word' id='word_1_294' title='bbox 764 3819 867 3880; x_wconf 85' lang='lat' dir='ltr'><strong>dicari</strong></span> <span class='ocrx_word' id='word_1_295' title='bbox 886 3837 937 3880; x_wconf 83' lang='lat' dir='ltr'><strong>res</strong></span> <span class='ocrx_word' id='word_1_296' title='bbox 958 3816 1059 3878; x_wconf 83' lang='lat' dir='ltr'><strong>sceris</strong></span> <span class='ocrx_word' id='word_1_297' title='bbox 1078 3814 1194 3877; x_wconf 78' lang='lat' dir='ltr'><strong>esibus.</strong></span> <span class='ocrx_word' id='word_1_298' title='bbox 1242 3812 1400 3890; x_wconf 84' lang='lat' dir='ltr'><strong>Secunde,</strong></span> 
     </span>
    </p>
   </div>
   <div class='ocr_carea' id='block_1_3' title="bbox 302 3930 1400 4578">
    <p class='ocr_par' dir='ltr' id='par_1_4' title="bbox 334 3930 1400 4255">
     <span class='ocr_line' id='line_1_36' title="bbox 335 3930 1400 4000; baseline -0.001 -19"><span class='ocrx_word' id='word_1_299' title='bbox 335 3937 346 3959; x_wconf 84' lang='lat'><strong>¹¹</strong></span> <span class='ocrx_word' id='word_1_300' title='bbox 364 3935 447 3994; x_wconf 73' lang='lat' dir='ltr'><strong>[Prot.</strong></span> <span class='ocrx_word' id='word_1_301' title='bbox 460 3950 484 3985; x_wconf 84' lang='lat' dir='ltr'><strong>v.</strong></span> <span class='ocrx_word' id='word_1_302' title='bbox 497 3940 520 3986; x_wconf 83' lang='grc'><strong>3.</strong></span> <span class='ocrx_word' id='word_1_303' title='bbox 532 3936 566 4000; x_wconf 68' lang='lat' dir='ltr'><strong>l]</strong></span> <span class='ocrx_word' id='word_1_304' title='bbox 873 3939 934 3984; x_wconf 83' lang='lat' dir='ltr'><strong>tom.</strong></span> <span class='ocrx_word' id='word_1_305' title='bbox 947 3935 974 3984; x_wconf 91' lang='lat' dir='ltr'><strong>ii.</strong></span> <span class='ocrx_word' id='word_1_306' title='bbox 992 3949 1015 3997; x_wconf 92' lang='lat' dir='ltr'><strong>p.</strong></span> <span class='ocrx_word' id='word_1_307' title='bbox 1029 3932 1083 3989; x_wconf 69' lang='lat'><strong>723</strong></span> <span class='ocrx_word' id='word_1_308' title='bbox 1101 3936 1127 3983; x_wconf 86' lang='lat' dir='ltr'><strong>et</strong></span> <span class='ocrx_word' id='word_1_309' title='bbox 1139 3932 1204 3981; x_wconf 77' lang='lat' dir='ltr'><strong>Flor.</strong></span> <span class='ocrx_word' id='word_1_310' title='bbox 1221 3930 1288 3980; x_wconf 81' lang='lat' dir='ltr'><strong>Hist</strong></span> <span class='ocrx_word' id='word_1_311' title='bbox 1306 3931 1350 3980; x_wconf 89' lang='lat' dir='ltr'><strong>lib.</strong></span> <span class='ocrx_word' id='word_1_312' title='bbox 1363 3931 1400 3980; x_wconf 87' lang='lat' dir='ltr'><strong>iii.</strong></span> 
     </span>
     <span class='ocr_line' id='line_1_37' title="bbox 334 3995 1399 4110; baseline -0.002 -64"><span class='ocrx_word' id='word_1_313' title='bbox 334 4002 346 4096; x_wconf 55' lang='grc' dir='ltr'><em>ζ</em></span> <span class='ocrx_word' id='word_1_314' title='bbox 365 3998 453 4059; x_wconf 85' lang='lat' dir='ltr'><strong>[Prov.</strong></span> <span class='ocrx_word' id='word_1_315' title='bbox 464 4002 537 4049; x_wconf 84' lang='lat' dir='ltr'><strong>xxiii.</strong></span> <span class='ocrx_word' id='word_1_316' title='bbox 551 4003 589 4051; x_wconf 86' lang='lat'><strong>31.</strong></span> <span class='ocrx_word' id='word_1_317' title='bbox 603 3999 655 4062; x_wconf 64' lang='lat'><strong>32]</strong></span> <span class='ocrx_word' id='word_1_318' title='bbox 874 4015 927 4062; x_wconf 84' lang='lat' dir='ltr'><strong>cap.</strong></span> <span class='ocrx_word' id='word_1_319' title='bbox 938 3999 973 4047; x_wconf 86' lang='lat' dir='ltr'><strong>xi.</strong></span> <span class='ocrx_word' id='word_1_320' title='bbox 991 4001 1054 4110; x_wconf 61' lang='lat' dir='ltr'><strong>sect(i</strong></span> <span class='ocrx_word' id='word_1_321' title='bbox 1062 3999 1101 4110; x_wconf 59' lang='lat'>1113.</span> <span class='ocrx_word' id='word_1_322' title='bbox 1119 4012 1161 4060; x_wconf 92' lang='lat' dir='ltr'><strong>pp.</strong></span> <span class='ocrx_word' id='word_1_323' title='bbox 1175 3999 1311 4046; x_wconf 76' lang='lat' dir='ltr'><strong>oss-601.</strong></span> <span class='ocrx_word' id='word_1_324' title='bbox 1330 3995 1399 4044; x_wconf 82' lang='lat' dir='ltr'><strong>Edit.</strong></span> 
     </span>
     <span class='ocr_line' id='line_1_38' title="bbox 335 4061 1229 4191; baseline 0 -17"><span class='ocrx_word' id='word_1_325' title='bbox 335 4130 347 4160; x_wconf 67' lang='lat' dir='ltr'><strong>t1</strong></span> <span class='ocrx_word' id='word_1_326' title='bbox 375 4063 682 4180; x_wconf 56' lang='lat' dir='ltr'><strong>hridd&#39;iiiri&#39;sinram.</strong></span> <span class='ocrx_word' id='word_1_327' title='bbox 700 4128 818 4191; x_wconf 69' lang='lat' dir='ltr'><strong>capsa]</strong></span> <span class='ocrx_word' id='word_1_328' title='bbox 874 4062 1086 4175; x_wconf 59' lang='lat' dir='ltr'><strong>Dikiiuliigxii.</strong></span> <span class='ocrx_word' id='word_1_329' title='bbox 1099 4061 1229 4188; x_wconf 61' lang='lat' dir='ltr'><strong>iiim]</strong></span> 
     </span>
     <span class='ocr_line' id='line_1_39' title="bbox 335 4191 1136 4255; baseline 0.001 -17"><span class='ocrx_word' id='word_1_330' title='bbox 335 4195 345 4219; x_wconf 72' lang='lat'>¹</span> <span class='ocrx_word' id='word_1_331' title='bbox 372 4191 465 4240; x_wconf 78' lang='lat' dir='ltr'><strong>lustin.</strong></span> <span class='ocrx_word' id='word_1_332' title='bbox 480 4192 547 4241; x_wconf 89' lang='lat' dir='ltr'><strong>Hist.</strong></span> <span class='ocrx_word' id='word_1_333' title='bbox 566 4194 610 4242; x_wconf 88' lang='lat' dir='ltr'><strong>lib.</strong></span> <span class='ocrx_word' id='word_1_334' title='bbox 623 4194 692 4242; x_wconf 82' lang='lat' dir='ltr'><strong>xxiv.</strong></span> <span class='ocrx_word' id='word_1_335' title='bbox 712 4193 829 4255; x_wconf 77' lang='lat' dir='ltr'><strong>caputii.</strong></span> <span class='ocrx_word' id='word_1_336' title='bbox 907 4201 920 4224; x_wconf 80' lang='lat'><strong>¹¹</strong></span> <span class='ocrx_word' id='word_1_337' title='bbox 947 4192 1016 4241; x_wconf 90' lang='lat' dir='ltr'><strong>Josh.</strong></span> <span class='ocrx_word' id='word_1_338' title='bbox 1027 4192 1071 4240; x_wconf 88' lang='lat' dir='ltr'><strong>vii.</strong></span> <span class='ocrx_word' id='word_1_339' title='bbox 1083 4191 1136 4254; x_wconf 82' lang='grc'>26.]</span> 
     </span>
    </p>

    <p class='ocr_par' dir='ltr' id='par_1_5' title="bbox 302 4255 1091 4320">
     <span class='ocr_line' id='line_1_40' title="bbox 302 4255 1091 4320; baseline 0.005 -18"><span class='ocrx_word' id='word_1_340' title='bbox 302 4269 344 4317; x_wconf 92' lang='lat' dir='ltr'><strong>pp.</strong></span> <span class='ocrx_word' id='word_1_341' title='bbox 354 4257 489 4306; x_wconf 81' lang='lat'>518—520.</span> <span class='ocrx_word' id='word_1_342' title='bbox 507 4257 553 4306; x_wconf 79' lang='lat' dir='ltr'><strong>Ed.</strong></span> <span class='ocrx_word' id='word_1_343' title='bbox 563 4257 669 4307; x_wconf 81' lang='lat' dir='ltr'><strong>Gronov.</strong></span> <span class='ocrx_word' id='word_1_344' title='bbox 681 4257 762 4320; x_wconf 85' lang='lat' dir='ltr'><strong>Lugd.</strong></span> <span class='ocrx_word' id='word_1_345' title='bbox 775 4257 829 4306; x_wconf 86' lang='lat' dir='ltr'><strong>Bat.</strong></span> <span class='ocrx_word' id='word_1_346' title='bbox 906 4265 918 4289; x_wconf 89' lang='lat'><em>¹</em></span> <span class='ocrx_word' id='word_1_347' title='bbox 946 4257 1010 4305; x_wconf 85' lang='lat' dir='ltr'><strong>Dan.</strong></span> <span class='ocrx_word' id='word_1_348' title='bbox 1021 4272 1043 4305; x_wconf 91' lang='lat' dir='ltr'><strong>v.</strong></span> <span class='ocrx_word' id='word_1_349' title='bbox 1058 4255 1091 4317; x_wconf 79' lang='grc'><strong>5.]</strong></span> 
     </span>
    </p>

    <p class='ocr_par' dir='ltr' id='par_1_6' title="bbox 305 4318 1239 4448">
     <span class='ocr_line' id='line_1_41' title="bbox 305 4318 1239 4382; baseline 0 -15"><span class='ocrx_word' id='word_1_350' title='bbox 305 4319 390 4382; x_wconf 66' lang='lat' dir='ltr'><strong>riou]</strong></span> <span class='ocrx_word' id='word_1_351' title='bbox 905 4330 917 4362; x_wconf 76' lang='lat' dir='ltr'><strong>r</strong></span> <span class='ocrx_word' id='word_1_352' title='bbox 945 4318 1239 4382; x_wconf 75' lang='lat' dir='ltr'><strong>2(al.4.)Reg.xi.16.]</strong></span> 
     </span>
     <span class='ocr_line' id='line_1_42' title="bbox 337 4382 1195 4448; baseline 0.003 -18"><span class='ocrx_word' id='word_1_353' title='bbox 337 4392 345 4413; x_wconf 78' lang='lat'><strong>⁸</strong></span> <span class='ocrx_word' id='word_1_354' title='bbox 368 4383 415 4448; x_wconf 70' lang='grc' dir='ltr'><strong>[ΕΙ.</strong></span> <span class='ocrx_word' id='word_1_355' title='bbox 435 4384 537 4447; x_wconf 87' lang='lat' dir='ltr'><strong>Joseph.</strong></span> <span class='ocrx_word' id='word_1_356' title='bbox 560 4386 621 4435; x_wconf 88' lang='lat' dir='ltr'><strong>Ant.</strong></span> <span class='ocrx_word' id='word_1_357' title='bbox 640 4385 699 4434; x_wconf 91' lang='lat' dir='ltr'><strong>Jud.</strong></span> <span class='ocrx_word' id='word_1_358' title='bbox 721 4386 765 4434; x_wconf 88' lang='lat' dir='ltr'><strong>lib.</strong></span> <span class='ocrx_word' id='word_1_359' title='bbox 779 4386 830 4434; x_wconf 87' lang='lat' dir='ltr'><strong>xiv.</strong></span> <span class='ocrx_word' id='word_1_360' title='bbox 905 4395 915 4416; x_wconf 79' lang='lat'><em>²</em></span> <span class='ocrx_word' id='word_1_361' title='bbox 945 4386 1000 4434; x_wconf 89' lang='lat' dir='ltr'><strong>Act.</strong></span> <span class='ocrx_word' id='word_1_362' title='bbox 1013 4385 1100 4448; x_wconf 83' lang='lat' dir='ltr'><strong>Apost.</strong></span> <span class='ocrx_word' id='word_1_363' title='bbox 1112 4386 1128 4434; x_wconf 90' lang='lat' dir='ltr'><strong>i.</strong></span> <span class='ocrx_word' id='word_1_364' title='bbox 1142 4382 1195 4445; x_wconf 86' lang='lat' dir='ltr'><strong>1s.]</strong></span> 
     </span>
    </p>

    <p class='ocr_par' dir='ltr' id='par_1_7' title="bbox 304 4448 1238 4513">
     <span class='ocr_line' id='line_1_43' title="bbox 304 4448 1238 4513; baseline 0.002 -18"><span class='ocrx_word' id='word_1_365' title='bbox 304 4462 355 4509; x_wconf 85' lang='lat' dir='ltr'><strong>cap.</strong></span> <span class='ocrx_word' id='word_1_366' title='bbox 366 4449 409 4496; x_wconf 88' lang='lat' dir='ltr'><strong>vii.</strong></span> <span class='ocrx_word' id='word_1_367' title='bbox 424 4448 466 4510; x_wconf 81' lang='lat' dir='ltr'><strong>(al.</strong></span> <span class='ocrx_word' id='word_1_368' title='bbox 476 4449 531 4511; x_wconf 85' lang='lat' dir='ltr'><strong>xii.)</strong></span> <span class='ocrx_word' id='word_1_369' title='bbox 550 4450 604 4512; x_wconf 79' lang='lat' dir='ltr'><strong>Op,</strong></span> <span class='ocrx_word' id='word_1_370' title='bbox 621 4455 681 4499; x_wconf 86' lang='lat' dir='ltr'><strong>tom.</strong></span> <span class='ocrx_word' id='word_1_371' title='bbox 694 4451 710 4498; x_wconf 93' lang='lat' dir='ltr'><strong>i.</strong></span> <span class='ocrx_word' id='word_1_372' title='bbox 723 4466 765 4512; x_wconf 93' lang='lat' dir='ltr'><strong>pp.</strong></span> <span class='ocrx_word' id='word_1_373' title='bbox 776 4451 831 4499; x_wconf 85' lang='grc'><strong>694.</strong></span> <span class='ocrx_word' id='word_1_374' title='bbox 906 4459 916 4480; x_wconf 79' lang='lat'><strong>¹</strong></span> <span class='ocrx_word' id='word_1_375' title='bbox 933 4449 1000 4513; x_wconf 86' lang='lat' dir='ltr'><strong>[Act.</strong></span> <span class='ocrx_word' id='word_1_376' title='bbox 1013 4449 1102 4513; x_wconf 85' lang='lat' dir='ltr'><strong>Apost.</strong></span> <span class='ocrx_word' id='word_1_377' title='bbox 1114 4465 1136 4499; x_wconf 87' lang='lat' dir='ltr'><strong>v.</strong></span> <span class='ocrx_word' id='word_1_378' title='bbox 1149 4452 1171 4498; x_wconf 85' lang='lat'><strong>5.</strong></span> <span class='ocrx_word' id='word_1_379' title='bbox 1185 4448 1238 4510; x_wconf 73' lang='grc' dir='ltr'><strong>1οᾹ</strong></span> 
     </span>
    </p>

    <p class='ocr_par' dir='ltr' id='par_1_8' title="bbox 305 4512 830 4578">
     <span class='ocr_line' id='line_1_44' title="bbox 305 4512 830 4578; baseline 0.006 -19"><span class='ocrx_word' id='word_1_380' title='bbox 305 4514 375 4572; x_wconf 82' lang='lat'><strong>695.;</strong></span> <span class='ocrx_word' id='word_1_381' title='bbox 392 4512 423 4561; x_wconf 89' lang='lat' dir='ltr'><strong>de</strong></span> <span class='ocrx_word' id='word_1_382' title='bbox 434 4513 496 4563; x_wconf 85' lang='lat' dir='ltr'><strong>Bell.</strong></span> <span class='ocrx_word' id='word_1_383' title='bbox 508 4513 525 4562; x_wconf 88' lang='lat' dir='ltr'><strong>J</strong></span> <span class='ocrx_word' id='word_1_384' title='bbox 527 4513 567 4563; x_wconf 88' lang='lat' dir='ltr'><strong>ud.</strong></span> <span class='ocrx_word' id='word_1_385' title='bbox 580 4515 623 4564; x_wconf 88' lang='lat' dir='ltr'><strong>lib.</strong></span> <span class='ocrx_word' id='word_1_386' title='bbox 634 4516 650 4564; x_wconf 90' lang='lat' dir='ltr'><strong>i.</strong></span> <span class='ocrx_word' id='word_1_387' title='bbox 662 4530 714 4578; x_wconf 89' lang='lat' dir='ltr'><strong>cap.</strong></span> <span class='ocrx_word' id='word_1_388' title='bbox 723 4515 777 4563; x_wconf 54' lang='lat' dir='ltr'><strong>viii,</strong></span> <span class='ocrx_word' id='word_1_389' title='bbox 787 4518 798 4574; x_wconf 60' lang='grc' dir='ltr'><em>δ</em></span> <span class='ocrx_word' id='word_1_390' title='bbox 808 4517 830 4563; x_wconf 88' lang='grc'><strong>8.</strong></span> 
     </span>
    </p>
   </div>
   <div class='ocr_carea' id='block_1_4' title="bbox 0 0 1509 4914">
    <p class='ocr_par' dir='ltr' id='par_1_9' title="bbox 0 0 1509 4914">
     <span class='ocr_line' id='line_1_45' title="bbox 0 0 1509 4914; baseline 0 0"><span class='ocrx_word' id='word_1_391' title='bbox 0 0 1509 4914; x_wconf 95' lang='lat' dir='ltr'><strong> </strong></span> 
     </span>
    </p>
   </div>
  </div>
 </body>
</html>
