2970 4914
154 264 196 324 is
573 277 673 324 irinax
695 276 880 324 cenamus

185 445 236 478 non
253 430 441 479 Antichristum
457 429 585 493 intelligit,
604 429 633 477 R.
649 430 705 490 408,

185 495 236 554 sed,
249 495 388 543 secundum
401 496 495 554 Patres,
507 510 594 543 omnes
606 495 705 558 impios,

183 563 229 608 aut
240 561 347 608 Romam
357 561 530 623 imperantem,
543 561 572 607 R.
584 561 640 620 408,
652 561 704 620 h,i.

184 625 354 673 Bestiamnon
362 625 606 673 esseAntichrietum
613 629 705 685 censet,

216 755 383 813 Reformatos,
395 757 425 801 ut
436 753 566 802 seditionis
582 757 704 815 auctores,

184 820 338 882 perstringit,
351 821 379 867 R
392 820 448 878 416,
456 820 511 870 417.
534 820 573 867 De
585 819 706 881 patientia

184 884 332 947 Martyrum,
350 885 379 932 ii.
393 885 448 936 417.
482 884 514 932 Se
528 884 644 932 subditos
659 885 705 933 Rc

183 949 257 1011 gibus
278 950 329 997 suis
351 949 493 1012 superiores
512 949 600 997 fecisse
622 954 703 1012 negat,

184 1015 213 1062 R
232 1015 288 1062 421.
327 1015 450 1063 Caesarem
468 1013 610 1076 legitimum
631 1014 705 1063 Pauli

183 1079 261 1128 fuisse
285 1079 398 1142 judicem
427 1083 508 1140 negat,
531 1079 561 1126 R.
580 1079 644 1138 4223
678 1083 704 1127 et

184 1144 293 1193 Paulum
318 1149 434 1193 coactum
459 1144 537 1191 fuisse
558 1143 647 1191 asserit
671 1145 704 1192 ad

184 1209 385 1273 eumappellare,
398 1209 495 1257 R424.
528 1209 567 1256 De
581 1208 704 1257 electione

184 1275 289 1336 Regum,
302 1289 424 1322 consensu
441 1273 530 1336 populi
546 1273 592 1334 sui,
605 1273 633 1321 R.
646 1274 702 1323 425.

183 1340 239 1390 427.
251 1341 307 1399 429,
324 1340 379 1388 480.
395 1339 450 1388 483.
485 1339 523 1386 De
540 1338 702 1388 electiones.

182 1404 303 1465 Matthia),
326 1404 355 1452 R.
380 1405 435 1465 427,
456 1404 511 1452 428.
550 1404 588 1452 De
606 1403 703 1465 judicio

182 1470 297 1529 sortium,
316 1470 345 1517 R.
358 1469 413 1517 481.
447 1468 580 1517 Ambitum
598 1469 624 1516 in
642 1469 703 1518 elec·

182 1534 251 1582 tione
274 1534 425 1582 Pontificum
449 1538 599 1596 usurpatum
621 1538 701 1596 negat,

183 1600 212 1646 R.
227 1600 282 1647 481.
323 1599 353 1645 ln
376 1599 497 1646 electione
519 1598 703 1660 Episcoporum

181 1664 270 1776 ..111¹
263 1663 456 1786 imiimi(
464 1663 496 1775 8
505 1663 703 1776 1¹8an

258 1744 350 1775 iumo
389 1742 407 1774 ιι

215 1792 367 1840 Gainettum
382 1764 535 1839 Proditionis
546 1791 701 1854 Sulphureae,

181 1873 234 1905 non
261 1857 309 1904 nisi
333 1857 360 1904 in
387 1857 548 1916 confessione,
574 1857 702 1906 conscium

185 1922 263 1969 fuisse
278 1921 413 1983 contendit,
433 1923 463 1970 R.
476 1922 531 1970 485.
565 1922 702 1970 Confessio·

181 1987 701 2112 ιιιιιιιιιιιιιι

181 2116 243 2163 llam
261 2121 345 2164 tamen
364 2117 425 2179 Regi
442 2117 543 2177 Jacobo,
562 2122 624 2164 uta
642 2132 702 2166 vera

181 2181 300 2243 religione
318 2182 405 2241 alieno,
419 2182 521 2229 minime
539 2181 617 2229 fuisse
633 2194 701 2230 reve·

155 2268 161 2279 ·
180 2246 287 2307 landam,
300 2247 328 2294 R.
338 2248 392 2299 487.
427 2247 701 2308 RomanensesAnglos

180 2312 290 2373 graviter
301 2312 378 2360 fuisse
390 2327 522 2374 oppressos
533 2316 637 2373 propter
645 2312 700 2360 reli·

790 430 833 493 (5.)
845 428 981 478 Christiani
991 431 1099 491 possunt
1112 427 1206 492 jugum
1220 428 1319 477 Princi-

788 493 1003 557 uminfidelium
1014 499 1138 554 excutere
1151 495 1182 542 R
1195 495 1235 543 80.
1272 494 1317 559 (6.)

789 559 941 608 Tolerarunt
961 563 1135 621 persecutores
1153 563 1263 622 propter
1280 561 1317 608 vi-

787 624 856 672 rium
875 624 1011 684 deiectum,
1033 624 1062 672 R
1076 626 1114 672 80.
1149 624 1193 687 (7)
1210 624 1317 674 Debent

788 689 929 752 imperim
949 704 1038 736 eornm
1057 689 1185 751 abrogare,
1203 689 1226 736 si
1246 690 1316 738 vires

787 754 887 813 adsunt,
911 755 941 802 R.
962 755 1000 802 80.
1041 753 1083 817 (8)
1106 753 1218 802 Ecclesia
1235 754 1315 803 debet

788 834 832 866 eos
845 819 1014 881 deponere,
1015 821 1072 866 ..81
1107 818 1149 882 (9.)
1167 818 1313 880 Pontifices,

788 884 864 931 etiam
875 885 903 931 in
911 884 1100 946 temporalibus,
1110 898 1161 931 non
1170 883 1243 931 fuere
1255 885 1313 932 sub·

783 948 847 1011 jecti
865 949 1063 1010 Imperatoribus
1083 948 1205 1008 Ethnicis,
1226 950 1258 997 R.
1272 951 1310 998 81.

788 1015 843 1062 500.
878 1014 937 1075 (10.)
955 1014 1036 1075 Reges
1047 1013 1145 1061 nuliam
1161 1014 1188 1060 in
1205 1014 1312 1063 clericos

788 1077 882 1126 habent
893 1082 1051 1140 potestatem,
1065 1078 1094 1126 R.
1108 1079 1145 1126 81.
1159 1079 1213 1126 500.
1250 1079 1311 1142 (11.)

787 1143 878 1191 Clerici
893 1147 954 1191 eunt
965 1144 1082 1205 exempti,
1096 1142 1155 1205 jure
1170 1143 1265 1204 divino,
1279 1145 1309 1193 R

787 1208 826 1257 81.
847 1209 902 1256 500.
937 1207 996 1271 (12.)
1014 1207 1132 1255 Pontifex
1153 1212 1240 1270 potest
1260 1210 1310 1257 exi-

788 1286 859 1320 mere
870 1273 980 1321 Clericos
993 1288 1009 1319 a
1019 1276 1146 1335 potestate
1157 1272 1309 1335 Principum

786 1338 816 1384 R.
830 1339 868 1386 81.
881 1339 935 1385 500.
965 1338 1024 1399 (18.)
1036 1338 1103 1399 Papa
1113 1340 1198 1399 potest
1208 1341 1309 1386 mutare

786 1402 1024 1464 regnainxSI.
1038 1404 1092 1450 500.
1127 1401 1186 1464 (14.)
1205 1403 1239 1450 Et
1254 1403 1309 1452 sine
1388 1429 1393 1437 ·

785 1467 1045 1515 excommunicatione
1056 1467 1188 1529 disponere
1205 1467 1237 1514 de
1254 1483 1308 1530 reg-

786 1531 832 1591 nis,
845 1532 873 1579 R.
886 1532 936 1580 xix.
951 1534 988 1579 81.
1002 1534 1056 1580 500.
1086 1531 1145 1595 (15.)
1163 1531 1197 1579 Rt
1207 1532 1308 1594 privare

786 1595 914 1659 Principes
922 1596 1036 1645 infideles
1044 1596 1156 1644 dominio
1165 1611 1218 1657 suo,
1228 1597 1258 1645 R.
1268 1599 1306 1645 81.

785 1660 845 1723 (16.)
862 1662 950 1710 Potest
968 1661 1057 1722 facere,
1075 1661 1168 1723 utqui
1186 1662 1242 1709 Rex
1260 1667 1306 1722 est,

785 1726 840 1773 Rex
862 1742 913 1774 non
936 1727 976 1786 eit,
997 1728 1026 1774 R.
1045 1727 1096 1775 xix.
1117 1727 1154 1774 81.
1175 1727 1230 1774 153.
1250 1728 1306 1775 500.

786 1789 844 1853 (17.)
862 1791 950 1839 Potest
964 1791 1108 1853 dispensare
1122 1794 1210 1838 contra
1223 1791 1306 1840 obedi·

785 1857 879 1903 entiam
899 1856 1066 1915 subditorum,
1078 1857 1108 1903 R.
1121 1857 1159 1903 82.
1194 1855 1254 1918 (18.)
1271 1857 1307 1905 Et

785 1919 914 1982 Principes
933 1936 1021 1983 cogere
1039 1920 1072 1968 ad
1093 1920 1162 1982 leges
1180 1920 1303 1982 ferendas,

784 1985 813 2032 R.
827 1986 865 2032 82.
879 1987 933 2033 500.
968 1985 1027 2047 (19.)
1041 1985 1170 2047 Principes
1180 2001 1232 2033 non
1243 1991 1306 2035 sunt

784 2049 816 2096 de
829 2050 888 2112 jure
904 2067 919 2097 a
932 2051 986 2098 Deo
1003 2050 1113 2109 secundi,
1127 2051 1156 2098 R.
1170 2052 1208 2098 82.
1244 2051 1304 2114 (20.)

784 2114 894 2162 Ecclesia
900 2115 1054 2177 Reipublicae
1060 2119 1157 2177 praeest,
1166 2118 1195 2162 ut
1201 2114 1306 2177 spiritus

783 2179 857 2239 carni,
871 2181 900 2227 R.
911 2181 948 2228 82.
984 2179 1043 2242 (21.)
1061 2180 1175 2227 Potestas
1186 2180 1212 2227 in
1221 2180 1306 2229 Ponti·

783 2243 829 2291 fice
840 2245 912 2292 nulla
928 2248 968 2292 est
985 2245 1086 2307 proprie
1101 2245 1254 2307 temporalis,
1274 2247 1304 2294 R.

784 2309 838 2356 204.
874 2310 933 2371 (22)
945 2310 972 2358 si
984 2310 1112 2371 Principes
1119 2309 1221 2357 Clericis
1229 2310 1305 2371 privi-

180 2377 280 2437 gioneni
301 2377 423 2439 queritur,
448 2378 476 2424 R.
496 2377 550 2428 487.
572 2378 626 2435 439,
644 2378 699 2425 440.

181 2441 270 2490 Ullum
284 2442 408 2490 Jesuitam
423 2441 576 2489 Proditionis
591 2441 700 2503 Sulphu-

181 2522 230 2554 reie
241 2507 368 2554 conscium
380 2506 457 2554 fuisso
468 2511 549 2569 negat,
562 2507 590 2554 R.
604 2508 658 2554 440.

212 2571 292 2631 Reges
304 2572 351 2619 Dei
363 2587 416 2618 esse
428 2571 540 2619 Vicarios
551 2576 631 2632 neget,
644 2572 699 2619 448.

179 2636 317 2698 Apostolos
326 2652 378 2683 esse
390 2636 437 2683 Dei
445 2636 699 2698 Vicarioscontendit,

182 2701 208 2748 lt.
218 2701 272 2748 444.
307 2701 357 2759 Qui
369 2704 428 2748 sunt
440 2700 561 2759 Praetores,
573 2701 602 2747 R.
612 2701 667 2749 446.

212 2766 383 2814 Dissensiones
406 2766 472 2813 inter
494 2780 542 2825 eos,
563 2765 608 2826 qui
630 2770 701 2813 extra

179 2830 317 2878 Romanuin
325 2835 384 2879 sunt
396 2830 539 2888 Ecclesiam,
547 2830 699 2891 perstringit,

180 2895 208 2942 R.
225 2896 280 2954 447,
298 2896 353 2943 448.
371 2896 426 2954 450,
445 2896 499 2953 451,
517 2895 573 2942 452.
607 2894 699 2942 Luthe-

179 2975 237 3007 rum
255 2975 308 3007 esse
327 2958 589 3020 Pseudo-Prophetam
604 2959 698 3020 asserit,

179 3025 208 3070 R.
230 3025 284 3085 452,
304 3024 358 3072 453.
399 3024 533 3070 Summum
551 3022 701 3072 Pontificem

177 3088 294 3136 Iudicem
309 3103 362 3135 esse
377 3088 436 3135 fidei
452 3087 588 3146 contendit,
601 3088 630 3135 R.
643 3089 698 3136 455.

178 3153 233 3212 457,
243 3153 351 3213 458450
358 3169 364 3211 ;
381 3167 432 3199 non
439 3151 556 3213 spiritum
564 3151 698 3214 privatum,

178 3217 208 3265 R.
221 3218 275 3265 460.
310 3217 404 3279 Regem
415 3216 564 3264 Jacobuma
579 3216 699 3279 religione
781 3215 810 3263 R.
825 3216 879 3263 191.

178 3297 331 3344 proavorum
339 3281 481 3330 discessisse
492 3281 587 3341 asserit,
600 3281 629 3329 R.
642 3283 697 3344 461,
749 3307 879 3316 ---
901 3281 971 3340 xii,
995 3279 1095 3327 Bullam
1118 3278 1198 3326 edidit
1221 3279 1253 3326 de
1275 3279 1301 3329 S.

179 3348 235 3395 462.
781 3344 904 3393 Francisci
916 3344 1081 3406 stigmatibus,
1095 3343 1122 3391 T.
1136 3344 1190 3402 276,
1203 3359 1223 3391 ι.

210 3411 331 3460 Defendit
342 3410 432 3459 Matth.
445 3410 524 3471 Toiti,
542 3410 584 3473 (l.)
599 3411 699 3460 Mende·
747 3436 878 3445 —-—-
901 3410 987 3469 XIII,
1011 3409 1111 3471 (Petrus
1129 3408 1161 3455 de
1178 3407 1267 3469 Luna)
1286 3425 1302 3457 a

177 3477 221 3537 cia,
231 3478 402 3526 R.464—486.
422 3477 698 3539 (2.)EmentitssHisto-
781 3475 854 3522 Conc.
874 3475 963 3522 Pisano
981 3474 1117 3536 depositus,
1135 3473 1163 3520 R.
1181 3474 1235 3520 188.
1270 3473 1301 3521 In

177 3543 232 3603 rias,
242 3543 415 3594 R.487—-492.
437 3541 479 3604 (8.)
493 3542 566 3589 Nova
574 3542 697 3604 dogmata,
780 3540 854 3588 Cone.
872 3542 1001 3588 Constant.
1020 3539 1100 3598 cessit,
1120 3538 1147 3584 T.
1160 3538 1215 3596 477,
1228 3538 1252 3598 1,·
1269 3539 1299 3587 R.

178 3611 207 3657 R.
222 3609 357 3666 498—500,
378 3612 408 3655 ut
424 3608 509 3655 videas
526 3607 626 3669 plenius
650 3608 697 3655 sub
782 3605 836 3651 140.

180 3676 270 3734 Torius,
282 3672 420 3721 Mattiacas.
747 3696 877 3704 ——-
903 3668 994 3731 (—?)
1011 3668 1038 3715 in
1056 3666 1218 3714 Dedicatione
1240 3666 1299 3715 libri

210 3739 315 3800 Scripsit
334 3741 471 3784 tractatum
489 3736 609 3784 adversus
629 3736 695 3783 Guil.
779 3734 811 3781 ad
823 3733 930 3780 Paulum
939 3734 969 3781 V.
982 3733 1013 3780 de
1025 3733 1153 3779 Potestate
1170 3731 1300 3780 Pontificis

177 3805 324 3861 Barclaium,
337 3803 366 3849 R.
379 3803 428 3849 xix.
443 3801 546 3848 80—82.
560 3802 614 3847 500.
637 3801 697 3848 Cen·
779 3798 806 3845 in
817 3798 938 3846 Articulis
949 3798 1007 3844 fidei
1018 3797 1160 3856 condendis,
1174 3796 1201 3843 T.
1211 3798 1266 3844 213.

177 3885 236 3916 sura
258 3868 340 3916 Cun'ae
362 3866 507 3914 Parisiensis
529 3865 556 3912 in
578 3865 647 3913 hunc
670 3865 697 3913 li·
746 3863 899 3911 Benceaatue
910 3864 939 3910 ile
950 3863 1036 3921 Imolo,
1049 3862 1080 3908 de
1092 3863 1186 3909 calcata
1202 3862 1299 3909 cervice

176 3935 259 3993 hrum,
284 3934 312 3980 R.
333 3947 373 3979 xx.
419 3932 449 3978 In
471 3931 519 3978 hoc
544 3929 609 3976 libro
632 3945 697 3977 nova
779 3928 844 3975 Frid.
865 3929 884 3975 l.
902 3928 933 3974 ab
954 3927 1022 3975 Hier.
1041 3927 1123 3974 Bardo
1145 3926 1244 3987 citatus,
1267 3927 1296 3974 R.

176 3999 299 4060 dogmata
334 3996 376 4058 (l.)
395 3996 511 4044 Christus
529 3995 619 4042 habuit
634 3999 696 4042 tem·
779 3993 834 4040 489.

176 4063 288 4126 poralem
317 4065 474 4122 potestatem,
510 4062 539 4108 R.
564 4061 601 4106 80
653 4059 695 4122 (2.)
745 4056 913 4119 Bcreupaiius,
921 4055 947 4102 in
955 4053 1297 4117 jurejurandosuosefidem

176 4127 304 4176 Liberavit
330 4125 466 4186 Apostolos
498 4142 512 4172 a
540 4124 695 4186 subjectione
778 4073 1172 4184 PapeeNicolethsnereaffirmat,
1182 4121 1210 4166 R.
1218 4120 1295 4179 247,i.

782 2373 847 2435 legia
853 2375 1027 2434 concesserint
1032 2374 1058 2422 id
1066 2389 1119 2421 esse
1126 2389 1157 2422 ex
1164 2374 1306 2441 ignorantia

779 2437 943 2499 J'urisdivini,
958 2441 986 2487 R.
1000 2441 1053 2487 500

750 2454 894 2552 BAaiiccus
905 2476 949 2563 II,
962 2505 1006 2552 vix
1017 2504 1104 2551 decem
1115 2517 1214 2550 menses
1231 2505 1304 2564 sedit,

783 2568 1011 2617 R.188.1ama
1038 2568 1177 2616 sanctitatis
1204 2569 1304 2630 claruit,

750 2724 880 2734 -——
898 2697 957 2759 III,
976 2713 991 2745 a
1008 2696 1128 2745 Lothario
1147 2696 1305 2759 Imperatore

783 2762 901 2810 Pontifex
913 2767 1019 2823 creatus,
1032 2763 1060 2810 R.
1074 2763 1128 2810 185.

750 2853 880 2863 ---
896 2828 950 2887 IV,
963 2843 1021 2876 eum
1039 2829 1187 2889 portentum
1204 2826 1305 2876 Platina

782 2891 854 2952 dixit,
874 2892 901 2939 T.
922 2893 976 2940 261.
1011 2892 1108 2950 Quibus
1125 2891 1222 2939 artibus
1240 2891 1304 2940 Pon-

782 2957 905 3004 tificatum
918 2957 1055 3019 occupavit,
1069 2957 1096 3003 T.
1110 2956 1164 3003 261.

890 3022 945 3081 IX,
966 3037 1025 3069 eum
1044 3021 1142 3069 Platina
1158 3024 1303 3069 monstrum

781 3085 852 3145 dixit,
866 3086 893 3133 Τ.
907 3088 961 3135 260.
974 3088 1028 3134 285.
1063 3086 1094 3133 In
1112 3085 1185 3133 Cone.
1198 3085 1303 3134 Sutrino

781 3151 918 3212 depositus,
931 3152 959 3199 R.
973 3153 1027 3200 190.
1056 3151 1118 3213 EJ'us
1129 3150 1200 3212 pravi
1210 3165 1302 3211 mores,

175 4192 329 4254 Principum,
352 4191 382 4237 R.
406 4192 444 4237 80.
483 4190 526 4251 (8.)
551 4189 695 4237 Defuerunt
744 4187 918 4248 Berciipcmiua
930 4186 1007 4248 (apud
1023 4186 1047 4232 S.
1059 4157 1175 4233 Ambros'.
1188 4184 1244 4246 Op.)
1257 4200 1297 4232 ex-

173 4259 215 4320 Ap
217 4256 305 4305 ostolis
332 4256 418 4315 Reges,
442 4271 506 4315 quos
531 4255 692 4315 deponerent,
776 4252 927 4314 positionem
954 4251 1103 4313 Apocalyps.
1132 4249 1238 4311 scripsit,
1267 4250 1296 4297 R.

174 4339 224 4371 non
240 4319 382 4385 deponendi
399 4323 515 4380 potestus,
534 4321 563 4366 R.
577 4321 614 4366 80.
650 4319 692 4380 (4.)
777 4319 830 4376 882,
838 4332 862 4363 n
880 4316 928 4363 Per
937 4315 1162 4376 sextumsigillum
1171 4314 1297 4362 excidium

173 4389 283 4453 Potiiere
300 4384 417 4448 Apostoli
429 4400 443 4430 a
454 4384 609 4459 subjectione
624 4384 692 4431 Prin·
776 4379 1171 4442 Hierosolymitanumintellexit,
1177 4380 1206 4426 R.
1211 4381 1265 4438 382,
1271 4395 1295 4426 n.

174 4454 259 4516 cipum
282 4450 436 4501 Christianos
459 4450 573 4506 eximere,
600 4450 627 4495 R.
654 4451 690 4496 80.
742 4447 800 4496 Bc
789 4462 911 4509 Jomeuiic
916 4446 970 4494 Iac
977 4445 1042 4493 Phil.
1049 4445 1165 4505 Ferratus,
1172 4445 1295 4493 cervicem
