2970 4914
278 257 341 319 166
724 272 766 319 on
787 271 926 333 onosma,

277 426 384 488 Pauca
397 431 525 489 tantum
540 425 580 489 de
591 426 734 488 Decretis
747 425 824 508 ipsis
838 424 1015 488 sanioribus
1023 450 1033 498 ;
1057 430 1090 487 et
1104 423 1143 486 iis
1159 442 1284 506 quoque
1301 427 1377 484 ante

276 549 398 590 annum
418 544 505 591 cccc.
549 528 736 611 Symmachi
751 529 780 591 Ι.
796 529 981 605 Decretum,
1007 528 1100 591 Caua.
1111 525 1178 589 nvi.
1196 547 1224 608 q.
1241 525 1264 587 i.
1287 524 1376 586 Ano-

276 631 379 692 tlaema
393 632 445 707 sit,
462 631 515 712 pai
530 631 678 695 Decimae
690 636 810 711 prater
821 631 971 712 Episcopi
986 650 1164 693 consensam
1178 628 1252 712 [leg.
1258 632 1378 708 prater

276 733 427 814 Episcopi
441 735 670 811 conscientiam,
687 735 823 796 decimas
840 740 871 796 et
891 731 1072 814 oblationes]
1090 732 1270 811 dispensare
1291 731 1343 793 nol
1363 764 1377 776 ·

224 880 227 886 ‡
278 837 368 898 eritP.
399 835 519 898 Itidem
534 836 698 901 Anastasii
713 837 753 914 1.,
779 837 994 899 Commanmne
1002 836 1157 916 privetur,
1174 835 1227 915 pai
1242 833 1377 894 decimae

276 940 411 1002 retinere
443 938 517 1022 [leg.
549 937 664 1023 tenere]
694 941 826 1003 potnerit
837 953 862 1003 q.
919 940 1130 1003 Decretorum
1166 936 1286 1000 Gelasii
1308 957 1374 1018 cap.

277 1042 360 1106 xxm.
409 1043 550 1115 Qnatnor
572 1050 674 1106 antem
700 1050 765 1106 tam
788 1044 826 1106 de
851 1044 955 1119 redita
980 1041 1203 1125 (decimarum)
1228 1061 1320 1120 qnam
1340 1040 1378 1102 de

279 1147 431 1211 oblatione
438 1146 583 1226 fideliam
598 1149 737 1211 convenit
744 1146 821 1228 fieri
829 1148 1001 1228 portiones,
1020 1194 1027 1208 .
1046 1193 1053 1208 .
1072 1193 1079 1208 .
1095 1146 1176 1207 sicin
1188 1145 1378 1224 jamdadam

277 1235 509 1313 rationabiliter
523 1257 570 1314 est
585 1252 766 1314 decretam.
808 1251 947 1325 Quodsi„
957 1256 995 1312 ut
1009 1249 1137 1311 illarum
1151 1249 1269 1329 Lepam
1277 1248 1379 1328 periti

278 1353 474 1431 existimant,
490 1350 705 1439 ‹inriorpopa'
717 1353 783 1417 sint
792 1355 943 1417 Paroecioe
955 1360 987 1415 et
995 1353 1141 1429 Decime,
1153 1352 1379 1431 Episcoparnm

278 1456 435 1536 stipiendia
464 1462 497 1519 et
523 1457 668 1535 Decime,
702 1457 819 1535 Cleonas,
851 1463 884 1520 et
909 1456 1054 1532 Decima,
1080 1460 1151 1517 tum
1181 1453 1311 1516 demum
1338 1452 1380 1516 ad

280 1558 398 1621 calixti
413 1559 441 1621 Ι.
473 1559 652 1641 Epistulam
667 1559 839 1622 secundam
848 1561 866 1637 f,
882 1558 924 1622 ad
939 1557 1065 1622 Urbani
1080 1558 1107 1620 Ι.
1122 1556 1301 1638 Epistolam
1315 1554 1379 1638 pri-

278 1670 396 1738 maml,
419 1660 550 1743 adipso
572 1661 696 1724 Justini
718 1661 874 1746 Martyris
900 1669 1054 1743 tempora,
1071 1658 1166 1722 altius
1184 1659 1287 1721 multo
1310 1679 1379 1721 rem

279 1783 425 1826 revocare
439 1785 617 1847 possumus.
664 1765 858 1847 Quanquam
878 1763 906 1826 si
925 1764 1007 1827 nihil
1030 1763 1146 1826 horum
1161 1769 1253 1839 esset,
1269 1769 1380 1824 tamen

283 1865 389 1928 Canon
415 1867 470 1949 qui
496 1874 544 1930 est
570 1866 741 1931 Dist..xii.¹
777 1868 919 1949 (Immota
942 1872 1066 1930 maneat
1092 1865 1293 1942 Consuetudo,
1314 1885 1380 1946 qna

280 1973 389 2030 contra
407 1969 515 2031 maen
538 1969 729 2033 Catholicam
751 1971 833 2033 ninii
852 1990 1004 2050 asnrpare
1026 1968 1254 2051 capnascitnr:)
1279 1968 1380 2030 fultus

279 2070 378 2132 etiam
401 2071 529 2154 judiciis
555 2072 732 2154 Augustini
755 2072 796 2135 ad
821 2072 1047 2150 casulanuml,
1069 2078 1102 2134 et
1126 2070 1319 2154 Hieronymi
1339 2070 1381 2133 ad

281 2173 420 2250 Lucin.¹,
441 2174 517 2255 (qui,
542 2174 624 2237 sicut
638 2176 900 2256 prevaricatores
914 2176 1102 2237 Divinarum
1124 2175 1232 2255 lepnm,
1248 2173 1295 2235 ita
1309 2193 1382 2236 con-

281 2281 446 2356 temptores
461 2276 756 2340 Ecclesiasticaram
776 2277 1028 2341 conmetndinnm
1043 2275 1234 2339 coercendos
1248 2276 1378 2358 putant)

283 2375 359 2439 satis
374 2377 478 2440 valere
492 2384 606 2460 potest,
621 2385 659 2440 nt
673 2399 714 2441 ne
730 2378 925 2460 obrepentnr.

330 2549 426 2611 Civile
455 2549 552 2612 etiam
581 2550 641 2613 Jas
670 2550 718 2630 (ut
749 2551 882 2614 satisfiat
912 2549 1058 2612 Politicis
1086 2549 1215 2630 nostris)
1250 2555 1381 2612 tantum

282 2650 381 2729 abest,
400 2659 437 2714 ut
459 2651 656 2734 obrepandas
678 2660 816 2732 censeat,
837 2662 876 2716 ut
899 2642 1059 2716 immunes
1081 2651 1178 2715 faciat
1200 2652 1240 2715 ab
1262 2651 1381 2736 injuria

273 2755 534 2835 proscriptionis,
561 2776 632 2838 quae
658 2756 726 2819 sola
749 2777 806 2840 per
830 2777 863 2820 se
892 2763 1003 2820 tamen
1027 2755 1146 2839 alioqui
1170 2755 1276 2818 initas
1300 2756 1381 2836 lepes

279 2854 367 2918 facit.
416 2855 469 2919 Sic
484 2857 571 2920 enim
585 2857 724 2921 habetur
738 2858 811 2922 Lib.
828 2858 880 2922 vii.
898 2859 976 2923 Cod.
992 2859 1055 2922 Tit.
1072 2859 1111 2922 de
1126 2857 1379 2941 Praescriptione,

279 2956 350 3038 lege
374 2957 538 3020 Anastasii
552 2959 580 3021 I.
627 2959 763 3022 Decima
780 2960 845 3023 Dea
865 2960 1032 3024 mandante
1052 2960 1272 3024 Sacerdotibus
1291 2980 1379 3040 sepa-

279 3065 358 3122 rata
373 3066 454 3137 sant,
470 3066 506 3122 nt
528 3060 566 3123 de
583 3067 666 3124 sorte
685 3062 814 3125 Domini
831 3063 978 3141 oiaerent,
995 3064 1048 3145 pai
1062 3065 1096 3125 in
1110 3063 1191 3146 Ejas
1210 3069 1293 3125 sorte
1308 3083 1379 3125 con-

279 3167 490 3224 namerontnr.
535 3162 609 3226 Non
632 3183 704 3245 erpa
729 3165 908 3246 cnjusqnom
924 3167 1092 3248 priaiiepio
1118 3166 1227 3229 Laicis
1251 3165 1378 3228 concedi

312 3303 323 3334 Ρ
341 3293 448 3359 [Deerat.
460 3310 512 3359 par.
522 3295 548 3344 ii.
568 3295 639 3345 Caua
648 3297 699 3346 xvi.
712 3295 806 3355 Quaest.
883 3307 896 3329 ¹¹
913 3298 1004 3364 [llpist.
1018 3299 1112 3350 Urban.
1125 3299 1145 3348 l.
1168 3303 1226 3349 sect.
1239 3298 1379 3359 ii.—Gonc.

280 3359 297 3407 i.
316 3358 377 3409 (ian.
388 3360 550 3424 lvii-Gorp.
562 3360 578 3410 J
580 3376 617 3409 ur.
636 3361 697 3412 Gan
715 3366 776 3414 tom.
788 3362 806 3411 i.
851 3366 912 3412 tom.
924 3364 941 3413 i.
958 3364 1003 3412 cal.
1017 3367 1072 3414 619.
1086 3364 1137 3478 αὖ

280 3424 423 3488 col.1119.]
884 3435 896 3458 ¹
913 3427 996 3493 [Dect.
1011 3443 1064 3491 par.
1077 3429 1094 3477 i.
1139 3429 1180 3478 ist.
1192 3427 1237 3476 xii.
1255 3426 1315 3478 (lan.
1327 3428 1381 3477 viii.

313 3497 324 3528 ‘¹
343 3489 432 3552 [Apud
442 3489 541 3540 Deerat.
551 3490 613 3540 ibid.
623 3489 724 3541 Oanis.
735 3491 807 3556 Gorp.
852 3492 918 3542 ‘Nos
925 3490 1253 3556 consuetudinem.'-·Oorp.
1259 3492 1275 3541 J
1277 3508 1313 3542 ur.
1320 3492 1380 3542 Gan

280 3553 296 3602 J
298 3570 336 3603 ur.
347 3553 407 3603 Can.
418 3559 479 3604 tom.
487 3556 503 3603 i.
515 3555 650 3618 f01.1118.]
852 3562 913 3607 tom.
925 3558 942 3606 i.
955 3557 1001 3606 col.
1013 3558 1066 3620 44.]

312 3628 322 3652 ¹
339 3619 448 3683 [Deerat.
461 3619 540 3683 Epist.
552 3619 633 3669 Gelas.
644 3620 663 3667 1.
676 3636 728 3684 cap.
737 3621 808 3670 xxin
884 3631 894 3662 7
907 3623 934 3687 [¹‘
942 3621 973 3670 ln
984 3621 1025 3671 his
1036 3622 1105 3671 enim
1116 3621 1197 3681 rebus,
1205 3621 1382 3684 dequibusnil

279 3683 388 3733 -Conc
401 3683 511 3743 Orabbii,
528 3688 590 3734 tom.
598 3685 615 3733 i.
627 3685 668 3734 tol.
678 3685 766 3735 dxxiv.
775 3687 808 3747 b.,
852 3687 942 3736 statuit
959 3686 1088 3750 Scriptura
1104 3685 1200 3745 divina,
1219 3700 1274 3736 mos
1293 3687 1381 3750 populi

280 3746 397 3797 Habatur
413 3749 482 3810 item,
500 3750 583 3798 verbis
599 3749 740 3811 paullulum
757 3765 809 3798 mu·
853 3751 909 3811 Dei,
924 3751 965 3799 vel
984 3751 1103 3800 instituta
1116 3750 1241 3813 majorum
1260 3765 1306 3813 pra
1325 3751 1381 3813 lega

280 3813 348 3868 tatis,
361 3812 436 3862 Conc.
449 3812 526 3862 Labb.
538 3819 564 3862 ct
576 3812 641 3862 coss.
651 3815 750 3863 tomis.
762 3815 813 3864 col·
852 3815 961 3865 tenenda
982 3816 1095 3864 sunt.'’-
1103 3815 1129 3864 S.
1144 3815 1210 3878 Aug,
1233 3815 1279 3878 Ep.
1292 3817 1380 3866 xxxvi.

203 3881 208 3892 ¹
282 3877 438 3932 1195.B.c.;
456 3882 482 3926 et
507 3878 571 3927 coni.
589 3877 688 3927 Decret.
710 3893 762 3941 par.
780 3879 807 3927 ii.
853 3880 913 3929 Bon.
929 3879 970 3940 (al.
980 3880 1088 3943 lxxxvi.)
1108 3895 1161 3943 cap.
1173 3880 1190 3929 i.
1211 3879 1267 3943 Op,
1278 3881 1379 3931 tomi‘a

281 3941 352 3989 Caua
364 3942 409 3990 xii
428 3941 520 3998 Quaest.
532 3943 559 3991 ii.
571 3957 624 4005 cap.
635 3942 714 3992 xxvii.
728 3943 807 4000 ‘Qua-
851 3945 960 3993 col.101.
971 3943 1009 4008 G.]

281 4008 339 4053 tuor
354 4007 454 4055 antem!
481 4006 621 4070 Carpion
639 4007 699 4057 Can.
716 4009 806 4057 tomi.
883 4008 1381 4071 ¹[“Sedagoilludbreviterteadmo·

280 4068 325 4117 col.
339 4069 406 4131 992]
851 4073 962 4122 nendum
980 4078 1049 4136 puto,
1060 4074 1210 4123 traditiones
1226 4073 1381 4123 Ecclesiasti-

313 4141 322 4164 ¹
339 4133 483 4196 Reciproca.
851 4153 892 4188 cas
901 4138 1051 4201 (praesertim
1063 4153 1119 4201 quae
1127 4138 1188 4188 fidei
1199 4153 1250 4187 non
1259 4138 1379 4202 officiant)

314 4200 321 4227 ²
343 4197 372 4260 [“
381 4199 406 4246 N
409 4199 475 4247 ullus
488 4210 573 4250 autem
589 4202 693 4265 primas,
707 4202 747 4251 vel
759 4216 808 4251 me·
851 4203 889 4252 ita
904 4201 1077 4263 observandas,
1094 4207 1124 4252 ut
1144 4218 1159 4252 a
1177 4202 1315 4266 majoribus
1331 4207 1380 4253 tra·

280 4263 456 4324 imponimus,
468 4263 604 4315 dioecesani
618 4266 757 4316 Ecclesiam
768 4266 808 4315 vel
852 4267 915 4317 ditae
931 4272 1006 4326 sunm
1028 4282 1074 4317 nec
1096 4267 1203 4316 aliorum
1225 4266 1382 4317 consuetudi·

280 4327 432 4389 parochiam,
444 4329 609 4392 autaliquem
626 4331 657 4380 da
669 4331 721 4394 ejus
737 4345 807 4394 paro
850 4347 908 4382 nem
919 4333 1026 4381 aliorum
1038 4333 1239 4382 contrariomors
1247 4331 1382 4382 subverti.'’

280 4392 337 4441 chia
360 4397 496 4454 praesumat
521 4396 760 4446 excommunicare.”
774 4423 807 4432 -
850 4397 908 4446 -S.
918 4395 990 4446 Hier.
1009 4397 1056 4460 Dp.
1067 4397 1128 4446 lxxi.
1144 4396 1212 4447 Vall.
1225 4396 1266 4460 (al.
1278 4396 1380 4461 xxviii.)

282 4456 378 4506 Calixti
387 4455 461 4519 Papae
469 4457 583 4520 Epistii.
595 4461 806 4511 sectiii—Oonc.
850 4461 883 4510 ad
904 4461 992 4511 Lucia.
1009 4465 1067 4512 sect.
1087 4464 1111 4511 6.
1141 4461 1197 4526 Op„
1219 4465 1280 4512 tom.
1296 4461 1314 4510 i.
1332 4461 1380 4512 col

280 4524 341 4571 tom.
354 4522 370 4570 i.
389 4521 434 4571 col.
448 4525 502 4573 613.
515 4521 553 4586 0.]
852 4527 907 4576 432.
916 4525 958 4589 D.]
