2970 4914
407 284 608 336 rnnotooror
629 284 880 334 nrrnunnurro.
1132 268 1196 333 169

95 448 143 512 At
160 445 378 509 Miaieteriam
392 442 551 507 αθθπππι1
566 449 604 508 ut
619 449 667 506 est
681 448 797 505 aalma
811 440 1026 524 praestantius,
1042 441 1197 522 diyaitate

97 549 300 626 eminentius,
316 548 363 610 ita
377 569 435 610 aea
449 546 643 610 fructuosius
658 551 717 624 est,
733 566 830 627 quarn
845 544 986 607 illorum.¹
1029 544 1073 606 Et
1087 545 1196 624 plara,

97 660 129 716 et
145 653 265 734 majora
279 651 415 734 populus
437 658 548 714 noster
568 671 587 712 a
609 649 696 711 mobis
718 647 886 711 commodo
899 647 1034 730 percipit
1044 672 1054 724 ;
1078 647 1198 710 debent

95 756 204 838 itaque
219 755 350 836 majora,
366 754 462 816 Ratio
478 752 589 816 statim
605 750 716 815 dictat.
766 749 847 815 Quis
869 749 972 831 pudor
986 756 1044 827 est,
1064 749 1196 811 Christi·

52 860 57 867 '
95 878 181 936 amar,
198 857 252 940 qui
267 856 385 920 debent
400 857 530 938 majora,
546 877 613 919 non
629 854 748 918 solvere
757 853 884 934 paria?
929 851 1103 917 Uberiores
1118 842 1198 934 ergo

96 961 221 1024 fruetus
235 959 376 1042 recipere
398 959 566 1042 possimus,
591 956 618 1020 si
633 957 730 1020 Ratio
754 955 922 1031 audiatur3
945 955 1108 1019 tenuiores
1129 976 1196 1018 non

97 1084 275 1146 possumus.

141 1167 265 1229 Verum
280 1163 367 1228 enim
388 1164 519 1226 Decima
537 1184 648 1227 omnes
668 1183 819 1226 numeros
840 1161 937 1225 habet
952 1163 1119 1245 equitatio.
1165 1163 1197 1226 A

99 1270 169 1332 Deo
184 1268 307 1332 delecta
322 1279 370 1330 est
378 1293 388 1345 3
411 1266 519 1350 itaque
534 1287 601 1329 non
616 1266 686 1329 sine
701 1287 827 1328 summa
840 1267 982 1329 ratione:
1007 1288 1115 1350 quare,
1136 1287 1197 1330 neo

100 1371 169 1434 sine
184 1391 310 1434 summa
324 1370 447 1433 ratione
461 1368 646 1453 rejicienda.
695 1368 784 1435 Quid
798 1376 911 1432 contra
925 1369 1083 1432 offertur?
1108 1370 1199 1432 Rati·

100 1473 219 1537 uneuln
237 1473 321 1536 forte
337 1493 404 1535 una
424 1480 480 1535 aut
503 1472 620 1549 altera3
643 1492 767 1534 mamma
786 1473 929 1551 rationis,
944 1472 1010 1536 imo
1025 1473 1199 1552 mediocris,

100 1573 164 1639 οὐδ’
179 1573 295 1662 ὄπαρω.
320 1576 518 1658 AEqaierima
533 1574 638 1658 quoad
653 1575 910 1656 compositionem.
956 1577 1056 1640 Recte
1070 1578 1201 1660 Augus·

99 1679 206 1744 tinus:
242 1679 326 1752 Quid
346 1680 427 1742 emim
443 1680 473 1741 ei
493 1679 611 1742 diceret
630 1679 726 1756 Deae,
746 1679 840 1741 Meae
859 1698 901 1758 ee,
919 1699 937 1741 a
952 1681 1050 1758 tamo,
1071 1701 1139 1742 mea
1157 1686 1203 1744 eat

103 1788 189 1845 terra
204 1803 296 1864 qaam
320 1783 406 1860 colio,
430 1803 498 1844 mea
519 1788 591 1845 saal
606 1782 723 1845 semina
739 1802 805 1864 qma
819 1783 953 1864 eparyie,
969 1803 1037 1845 mea
1052 1785 1203 1846 amimalia

104 1883 312 1966 qaafatiqar.
357 1885 439 1946 Mea
460 1880 533 1946 rami
549 1886 675 1966 plavia,
698 1905 783 1947 mem
805 1885 889 1947 Solis
907 1886 958 1948 lie
975 1886 1081 1949 ardor.
1126 1887 1204 1949 Hac

104 2006 173 2050 cam
188 1989 291 2049 amaia
306 2006 375 2048 mea
386 1987 459 2065 aiat,
477 1992 511 2049 ta
526 1988 579 2068 qai
593 2008 718 2050 mamam
733 1993 853 2050 tamtam
868 1989 1090 2068 accommodae,
1106 1991 1204 2052 roiam

104 2089 265 2150 Decimam
279 2088 458 2151 merebaris.
504 2089 569 2151 Sea
581 2109 669 2153 seraa
685 2089 743 2152 tibi
757 2111 872 2168 aooem,
889 2091 930 2152 da
941 2091 1019 2153 milti
1032 2092 1203 2155 Decimam.

104 2192 142 2254 Si
155 2213 217 2254 παπ
232 2192 356 2254 dederis
370 2192 532 2270 decimam,
548 2191 692 2273 auferam
706 2213 833 2256 aoaem:
851 2194 889 2256 Si
904 2194 1027 2257 dederis
1042 2195 1203 2274 decimam,

102 2294 312 2375 multiplicabo
327 2304 467 2358 navemn.
507 2296 662 2359 Potestne
673 2295 753 2378 fingi
768 2295 870 2359 oratio
884 2296 987 2379 magis
1002 2299 1117 2381 aequa?

147 2398 345 2478 AEqaireima
362 2397 460 2461 etiam
483 2398 587 2480 quoad
603 2399 866 2480 pemolatiaaem:
890 2400 941 2462 Ex
952 2401 984 2463 2.
1000 2400 1041 2463 ad
1057 2401 1204 2465 Corinth.

104 2498 168 2562 viii.
187 2503 237 2563 13.
285 2501 368 2563 Tum
383 2500 470 2563 euim
483 2521 534 2564 res
554 2502 726 2582 aquirrime
744 2501 955 2584 dispensatur,
980 2523 1054 2565 cum
1072 2511 1206 2569 nonest

104 2602 201 2664 unius
217 2599 335 2680 ἄνεσις,
358 2602 489 2666 alterius
516 2601 651 2687 θλῖψιςς
680 2604 846 2666 remissius
870 2604 938 2684 uni,
966 2604 1077 2670 durius
1103 2607 1206 2687 alteri,

106 2704 147 2767 Id
169 2704 221 2767 hic
243 2705 290 2783 fit,
312 2713 345 2768 et
368 2713 479 2769 exacte
502 2706 642 2789 quidem.
687 2707 790 2770 Diaiti
810 2728 877 2770 non
896 2707 1038 2790 parcitur
1045 2733 1055 2786 3
1078 2709 1208 2790 Pauper

106 2828 173 2869 non
182 2814 424 2889 praaraaalmr:
442 2830 513 2892 quae
527 2809 594 2873 fere
610 2809 739 2891 querele
753 2816 801 2872 est
817 2808 857 2872 de
872 2810 1056 2891 Principum
1070 2812 1207 2891 Edicta,

108 2909 228 2973 Melius
239 2909 285 2973 ibi
297 2931 387 2973 corno
400 2933 496 2994 quam
512 2912 684 2976 commem.
707 2913 913 2994 AEqairrima,
928 2913 979 2976 vel
993 2912 1063 2996 ipsa
1076 2914 1209 2978 Natura

108 3014 194 3085 lace;
227 3014 295 3075 lace
323 3013 479 3097 (inquam)
512 3015 655 3094 Natura,
687 3015 814 3099 qualem
837 3015 914 3099 ipsae
939 3033 1065 3099 quoque
1096 3017 1210 3080 Grates

107 3115 291 3179 habuerunt
301 3141 312 3194 3
334 3116 442 3196 idest,
457 3118 529 3200 lege
548 3139 647 3198 erasa,
670 3118 796 3196 obruta,
818 3117 1007 3196 deformata,
1030 3139 1097 3183 non
1116 3141 1209 3186 reno-

109 3225 191 3282 vato.
238 3219 313 3285 Qua
335 3221 400 3302 leae
422 3221 515 3285 solvit
532 3221 755 3300 Abrahamus3
782 3222 958 3286 nonenim
982 3224 1211 3288 constitutione

101 3321 247 3400 politica,
273 3321 337 3403 (oui
359 3322 394 3386 id
418 3323 586 3406 quisquam
605 3324 795 3406 persuadeat
805 3325 832 3407 l)
859 3346 896 3387 ao
922 3345 982 3388 neo
1006 3327 1212 3388 earemaaiali

110 3423 218 3505 aliquo
232 3424 329 3504 jare.-
352 3425 430 3490 Non
450 3426 538 3489 enim
553 3426 703 3491 convenit
719 3429 905 3490 ceremonia
920 3434 953 3489 et
967 3433 1081 3490 etam
1098 3418 1210 3490 Sacer-

110 3526 205 3604 dotio,
221 3527 315 3608 quale
325 3527 387 3592 fuit
402 3529 645 3594 Melchisedeki.
690 3530 773 3611 Leye
786 3528 887 3612 igitur
900 3530 1042 3592 Nataroe.
1087 3531 1211 3594 Verum

109 3627 151 3690 ad
169 3627 284 3692 Gentes
297 3637 449 3696 revertor.

160 3733 275 3796 Votiva
304 3735 448 3799 Deoimae
484 3735 569 3820 apud
598 3736 760 3800 Historiae
787 3736 972 3818 frequentes
1002 3739 1087 3797 sunt.
1132 3735 1211 3799 Non

111 3836 216 3899 solum
233 3859 253 3900 a
266 3837 355 3902 Viris
363 3840 532 3920 primarii-9
546 3840 581 3903 in
596 3861 722 3923 quaque
737 3840 918 3922 Republica,
934 3837 1095 3900 Pausania
1108 3837 1211 3901 Athe·

110 3939 216 4002 niensi
229 3952 255 4018 1',
278 3941 429 4025 Agesilao
461 3945 620 4027 Spartano
651 3943 737 4026 apud
767 3941 916 4024 Xenoph.
941 3939 997 4004 lib.
1013 3939 1058 4002 iii.
1090 3940 1212 4003 Rerum

113 4042 343 4120 Graeaarum‘l3
368 4046 539 4111 Cnrtulone
554 4047 655 4110 Poeno
666 4073 686 4125 r,
703 4045 839 4110 Camillo
863 4045 1009 4107 Romano
1029 4043 1115 4126 apud
1134 4043 1211 4108 Plu·

143 4157 262 4210 Ι2.(1πι·.
274 4161 312 4211 iri.
326 4162 379 4226 [8.]
717 4163 813 4228 ‘¹[Hoo
833 4163 864 4212 de
883 4163 1001 4224 Agesilao
1011 4165 1128 4212 namur
1144 4162 1212 4226 apud

143 4232 160 4255 ”¹
171 4224 212 4274 No
231 4239 277 4288 per
294 4228 422 4277 somnium
434 4227 544 4292 quidone
558 4227 640 4295 [Cant
685 4227 802 4290 Xenoph.
817 4227 917 4278 Hellen
932 4227 965 4277 iv.
977 4230 999 4277 3.
1012 4229 1051 4277 21.
1063 4241 1088 4290 p.
1100 4229 1147 4276 190
1155 4243 1163 4288 ;
1180 4227 1212 4276 de

112 4287 175 4338 Pla.
186 4289 283 4339 Philob.
295 4293 307 4352 1
318 4290 357 4343 ts.
367 4291 423 4356 Op„
434 4297 495 4343 tom.
503 4309 526 4343 v.
535 4308 560 4357 p.
570 4293 639 4357 5011]
684 4291 775 4355 Agite,
798 4292 897 4342 Hellen.
915 4290 952 4342 iii.
971 4294 993 4342 3.
1006 4293 1028 4340 1.
1047 4306 1071 4355 p.
1085 4293 1140 4342 139.
1164 4291 1212 4341 01.

145 4361 157 4384 ¹¹
186 4353 252 4404 Vide
263 4369 345 4418 supra,
356 4370 381 4419 p.
394 4359 432 4407 16.
445 4357 534 4422 nott]
685 4359 755 4408 1810.

145 4425 156 4450 ⁰
189 4422 204 4445 ‘⁴
212 4417 262 4468 Da
277 4421 378 4470 venium
395 4423 484 4482 corvis,
498 4425 573 4472 vexat
588 4436 643 4472 oen·
719 4430 728 4454 ³
747 4356 850 4486 [iussin.
869 4419 937 4470 Hist
958 4420 1002 4469 lib.
1011 4419 1082 4468 xviii.
1103 4434 1155 4482 cap.
1167 4419 1210 4467 vii.
1277 4440 1281 4445 ·

111 4495 171 4531 surr
180 4483 419 4536 columbas.”-Juv.
432 4485 483 4537 Set
493 4486 520 4536 i'u
532 4485 583 4553 tt]
685 4501 710 4552 p.
717 4487 771 4537 445.
779 4485 848 4538 nuit.
857 4483 966 4536 Gronov.
974 4483 1055 4548 nugd.
1065 4482 1121 4534 Bet
1129 4481 1212 4547 lma]

146 4545 307 4610 ¹’[Herodot
317 4548 386 4601 Hui
398 4551 433 4600 ix.
446 4549 500 4613 81.]
872 4584 877 4589 -
