2970 4914
218 268 282 333 180
571 284 742 332 nssrousio
764 287 806 332 111
830 286 926 334 nmsn
944 286 965 332 1.

143 447 145 451 ‘
213 449 339 506 mature
363 441 586 506 consuluisses.
634 442 704 505 Scis
724 441 792 525 ipse
810 442 901 526 (nam
925 448 1093 524 postquam
1118 449 1187 505 tam
1211 439 1315 502 multa

214 544 348 627 scripsit,
364 551 432 607 tam
447 545 603 622 miranda,
621 545 690 627 quis
712 546 780 628 jam
802 545 917 627 nescit)
935 545 1039 609 valere
1059 545 1168 623 Illum,
1185 566 1204 607 a
1219 549 1315 607 cacte-

213 647 257 709 ris
282 647 448 710 literarum
475 655 571 730 atque
596 647 719 730 ingenii
746 647 894 725 dotibus;
918 669 937 711 a
958 647 1073 732 judicii
1099 654 1218 725 autem,
1241 653 1315 711 tum

213 749 396 826 acrimonia,
417 757 489 812 tum
510 750 670 813 soliditate
693 749 729 812 in
752 750 872 832 primis,
888 752 938 813 vel
960 751 1066 833 potius
1089 757 1164 813 ante
1183 750 1314 832 primos.

213 853 347 916 Nemini
366 853 551 917 mortalium
566 853 611 917 sic
626 854 797 937 explorata,
814 853 909 917 sicin
923 861 1093 917 numerato
1111 860 1187 917 sunt
1207 854 1317 918 omnia

212 964 332 1034 nostra,
348 963 386 1019 ut
409 957 471 1020 Illi.
518 957 553 1020 Is
574 956 636 1019 tibi
655 955 723 1019 ulla
747 956 786 1019 de
809 977 853 1034 re,
870 958 1030 1039 praecipue
1052 964 1161 1020 autem
1185 957 1224 1020 de
1239 958 1315 1033 suis,

214 1060 334 1142 optime
352 1060 545 1143 respondere
564 1059 680 1142 potuit,
696 1066 739 1137 et,
756 1080 819 1141 quo
839 1060 969 1142 prodire
991 1067 1098 1137 tenus,
1115 1067 1157 1137 et,
1172 1059 1229 1124 ubi
1248 1081 1317 1124 non

215 1164 346 1228 daretur
359 1162 470 1240 ultraf,
486 1170 606 1227 metam
621 1164 729 1246 figere.
776 1163 874 1229 Quod
896 1165 923 1227 si
946 1165 1063 1227 dehinc
1081 1165 1150 1248 jam
1168 1165 1266 1228 simili
1280 1166 1318 1228 in

216 1288 332 1349 genere
343 1266 517 1348 quidquam
526 1267 668 1345 moliare,
677 1265 739 1344 fac,
753 1287 868 1347 quaem,
880 1267 1065 1329 memineris
1080 1266 1204 1329 consilii
1219 1267 1318 1351 hujus

216 1369 290 1447 mei,
310 1369 350 1433 ab
373 1369 494 1451 optimo
516 1369 599 1432 inte
622 1368 731 1432 animo
753 1368 905 1452 profecti:
931 1369 985 1451 qui
1008 1369 1106 1432 sciam
1123 1368 1245 1451 Regem
1261 1392 1317 1452 op-

172 1483 175 1490 ·
216 1473 295 1535 time
310 1473 392 1535 inte
407 1471 569 1548 affectum,
586 1471 707 1554 optime
728 1470 767 1533 de
789 1477 822 1533 te
845 1471 998 1533 meritum
1016 1474 1090 1549 (nec
1104 1477 1142 1533 tu
1157 1472 1317 1553 negabis),

217 1596 312 1658 porro
328 1575 435 1653 etiam,
451 1582 488 1636 ut
504 1596 605 1657 spero,
621 1574 823 1637 meriturum.

262 1785 290 1847 I.
315 1785 366 1848 De
380 1784 485 1847 tribus
499 1785 571 1862 illis,
588 1786 614 1847 si
629 1785 712 1867 petis
730 1786 779 1866 (ut
801 1786 896 1867 petis)
915 1784 991 1866 quid
1014 1785 1167 1848 sentiam:
1193 1785 1319 1868 depono

218 1888 272 1950 hic
287 1886 372 1970 apud
386 1896 419 1950 te
434 1908 622 1970 responsum
640 1888 850 1971 ingenuitatis
869 1909 958 1951 meac.
1004 1888 1117 1972 Accipi
1139 1888 1319 1970 promiscue

218 1990 351 2054 nomina
373 1990 522 2073 Episcopi
541 1998 573 2054 et
597 1989 779 2074 Presbyteri
802 1990 838 2052 in
861 1991 958 2054 sacris
981 1990 1110 2068 Litoris,
1132 1990 1226 2053 initio
1252 2012 1320 2054 non

218 2093 265 2156 ita
279 2093 344 2154 vim
366 2114 514 2174 magnam
536 2092 634 2156 fuisse
657 2092 693 2156 in
713 2092 854 2171 vocibus,
868 2093 987 2175 largiar
1009 2093 1078 2155 tibi.
1123 2093 1240 2175 Neque
1254 2093 1319 2171 hic,

218 2203 296 2274 tam,
313 2195 391 2278 quid
413 2195 539 2273 dixeris,
562 2195 690 2278 respicit
713 2196 793 2274 Rex,
809 2217 905 2278 quam
926 2217 1096 2278 quorsum:
1123 2217 1218 2277 quam
1241 2195 1320 2277 quid

219 2298 294 2362 inde
309 2298 477 2380 arrepturi,
494 2298 549 2380 qui
564 2299 650 2375 alibi,
667 2298 722 2380 qui
737 2297 821 2382 apud
843 2319 901 2362 nos
922 2298 984 2375 hic,
999 2298 1173 2380 iniquiores
1194 2298 1320 2360 suntin

220 2402 308 2464 hunc
323 2400 486 2465 ordinem:
510 2401 643 2484 perinde
658 2401 779 2465 scilicet
797 2401 861 2464 ista
875 2401 947 2478 dici,
965 2401 1055 2483 quasi
1070 2408 1103 2463 et
1117 2421 1168 2463 res
1183 2421 1319 2483 quoque.

222 2504 385 2570 Quorsum
395 2503 482 2566 enirn
492 2503 564 2581 hoc,
577 2510 632 2566 aut
642 2503 720 2586 quid
736 2503 862 2580 attinet,
878 2503 914 2566 in
930 2502 1135 2566 distinctione
1149 2524 1267 2578 rerum,
1281 2503 1321 2566 de

220 2605 407 2670 confusione
427 2626 542 2669 vocum
559 2605 657 2669 verba
680 2605 807 2670 facere?
853 2604 985 2670 Nomen
1006 2606 1073 2668 fere
1095 2627 1161 2668 non
1183 2605 1321 2684 vellicat,

220 2708 284 2771 nisi
298 2709 353 2791 qui
368 2709 415 2772 rei
430 2708 490 2792 ipsi
506 2729 572 2771 non
586 2708 719 2772 omnino
733 2708 815 2772 bene
829 2709 908 2773 vult.

267 2815 297 2874 1.
320 2811 417 2875 Nihil
431 2818 541 2874 tamen
556 2811 723 2896 Episcopis
746 2811 800 2874 hic
824 2811 960 2893 contigit
983 2810 1068 2892 quod
1089 2831 1155 2874 non
1178 2817 1210 2873 et
1233 2810 1321 2873 aliis:

223 2915 321 2992 Nam,
337 2914 401 2977 illis
417 2913 495 2997 ipsis
511 2914 546 2975 in
566 2913 654 2992 locis,
672 2913 756 2997 apud
776 2914 848 2978 illos
865 2914 949 2997 ipsos
965 2921 1110 2977 auctores
1126 2935 1203 2995 quos
1217 2913 1322 2976 nomi-

222 3037 290 3094 nas,
314 3016 383 3098 pari
404 3014 501 3079 modo
524 3014 642 3078 dicitur
664 3022 697 3079 et
723 3015 763 3079 de
783 3017 945 3079 Diacoais.
992 3013 1059 3078 Kal
1084 3013 1228 3082 διάκονος
1252 3013 1322 3079 ἐπί-

224 3120 347 3186 &sacros
360 3115 497 3198 ἕλείγετο,
513 3114 588 3200 [καὶ.
602 3116 687 3200 Seu]
699 3115 754 3181 διὰ
764 3119 858 3182 τοῦτο
867 3115 1000 3204 *γράφων
1009 3119 1055 3202 τῷ
1067 3114 1210 3200 Τιμοθέῳ
1220 3115 1323 3198 dispe,

174 3252 176 3256 ¹
224 3217 282 3300 τὴν
301 3217 462 3284 διακονίαν
480 3245 540 3284 σου
554 3217 816 3306 πληροφόρησον,
840 3216 1117 3305 ἐπισκόπῳόντιῑ.
1155 3219 1237 3282 Inde
1258 3220 1324 3283 col-

224 3323 313 3406 ligas,
329 3323 480 3405 Episcopi
495 3329 528 3386 et
542 3323 678 3386 Diaconi
693 3343 786 3387 voces
800 3322 933 3406 perinde
956 3323 1066 3405 accipi.
1112 3323 1220 3385 Etiam
1235 3323 1323 3404 Apo-

225 3426 299 3489 stoli
322 3447 448 3510 quoque
471 3425 541 3509 ipsi,
567 3425 770 3507 Presbyteros
794 3447 826 3488 se
851 3423 998 3502 alicubih,
1023 3424 1140 3488 alicubi
1154 3426 1323 3502 Diaconos,

225 3551 406 3612 munusque
422 3529 501 3593 adeo
516 3549 610 3592 suum
622 3525 782 3592 διακονίαν
796 3525 941 3591 vocanti:
968 3548 1029 3590 nec
1043 3535 1154 3590 tamen
1163 3528 1325 3589 Πὶοιοιιιιο

226 3634 276 3696 vel
300 3633 469 3714 Presbyter
497 3632 583 3695 idem
610 3632 695 3714 quod
718 3632 906 3714 Apostolus.-
943 3629 1065 3695 Quidni
1089 3651 1165 3712 ergo
1189 3637 1222 3692 et
1243 3630 1326 3693 illud

226 3735 387 3814 addidisti,
411 3742 448 3798 ut
478 3743 628 3817 appareat
658 3742 690 3797 et
720 3734 857 3817 reliquos
887 3733 949 3797 hoc
978 3732 1065 3795 idem
1094 3754 1210 3814 passos
1239 3731 1325 3814 quod

226 3839 396 3920 Episcopi:
421 3858 458 3900 ac
479 3836 580 3914 initio,
604 3858 670 3900 non
691 3838 918 3918 Episcoporam
941 3835 1038 3898 modo
1060 3835 1203 3910 nomina,
1220 3835 1277 3897 sed
1291 3841 1325 3898 et

227 3942 362 4005 aliorum
372 3923 485 4004 itidem
499 3940 677 4022 promiscue
692 3940 811 4018 habita,
824 3961 897 4002 cnm
909 3960 959 4001 res
969 3945 1088 4015 tamen,
1102 3960 1175 4001 cum
1190 3959 1326 4001 munera

226 4045 304 4127 ipsa,
320 4045 472 4107 distincta
486 4044 617 4106 fuerint.

260 4204 331 4317 'quot
344 4203 406 4252 Hor.
419 4203 494 4266 Epi.
508 4206 530 4251 1.
543 4196 597 4316 323
799 4207 885 4252 tamen
913 4203 957 4251 ille
985 4206 1049 4252 esset
1074 4202 1217 4265 Episcopus.
1232 4199 1325 4314 Ἓν]

259 4278 272 4310 ¹
305 4269 368 4318 tiam
385 4272 411 4317 et
422 4267 560 4331 Episcopus
598 4269 700 4316 iacouus
716 4281 756 4315 vo·
800 4266 927 4328 chrysost.
951 4265 1050 4331 [Hom]
1079 4267 1106 4314 in
1128 4267 1194 4316 Phil.
1213 4265 1268 4329 i.l[
1293 4281 1326 4329 p,

228 4333 337 4384 sabatur.
372 4331 446 4380 Unde
465 4336 511 4391 est,
532 4333 598 4394 quod
618 4333 650 4381 ad
675 4331 755 4380 'limo-
800 4332 906 4380 tomiv.
919 4335 975 4394 pt.
990 4331 1007 4380 l.
1020 4332 1071 4393 41,]

227 4399 315 4448 thcum
333 4397 452 4455 scribens,
470 4396 545 4454 dixit,
560 4396 646 4446 Tuam
663 4395 755 4445 Diaco-
832 4395 842 4426 ¹¹
862 4395 888 4453 ll
902 4395 955 4445 Pet.
967 4411 992 4444 v.
1003 4395 1036 4458 1.]

227 4464 300 4512 αιάιιι
313 4460 567 4525 (sivemiaistcriam)
583 4460 676 4524 imple:
695 4474 752 4509 cum
829 4458 834 4491 ¹
859 4459 940 4524 [Rom.
950 4461 985 4510 xi.
997 4459 1056 4525 13],Ι
