2970 4914
525 271 560 319 m
583 229 731 320 ascum
752 271 912 320 aunuum.
1224 259 1268 324 83

170 428 278 492 sedet
299 427 449 512 perfimdi
471 426 588 511 gaudio
605 427 841 491 Sermiaaimum
855 428 970 511 Regem
991 427 1139 493 vidimua
1185 431 1268 494 Cum

168 532 227 596 illo
240 532 401 616 gaudente
423 530 493 615 quis
514 551 582 595 non
600 531 766 613 gaudeat?
811 530 876 596 uui
894 532 968 616 jure
981 531 1097 596 merito
1112 531 1147 596 id
1160 540 1267 616 potent

169 633 210 698 de
224 633 329 715 nobie,
346 624 433 718 ipuod
456 632 495 696 de
518 631 585 696 maio
606 632 685 696 olim
700 631 875 696 Con'nthiis
890 632 1073 715 Apostolus,
1092 632 1218 715 Confido
1233 635 1268 698 ia

167 737 254 801 vebia
274 737 422 815 omuibus,
444 736 527 818 quod
544 736 694 818 goudium
708 756 807 799 meum
825 735 977 818 gaudium
991 742 1038 800 eat
1053 737 1186 800 ommam
1200 758 1267 802 ues-

169 847 279 904 trama
304 841 359 905 Ita
370 861 430 925 per
444 847 502 918 est,
518 845 614 923 atque
628 838 676 902 ita
690 845 750 904 est.
779 838 853 903 Sive
867 858 944 922 ergo
960 838 1146 924 conjugium
1160 840 1267 924 ipsum

167 951 310 1028 spectes,
333 944 399 1008 sive
418 944 540 1008 factum
552 963 575 1006 a
588 943 673 1026 Repe
684 969 694 1017 ,·
718 943 783 1006 aive
798 943 912 1024 Regem
927 939 1120 1023 facientem
1142 945 1267 1026 geniale

165 1055 286 1128 votum,
303 1069 455 1132 germana
468 1068 529 1110 vox
543 1046 585 1110 ad
599 1067 734 1130 apameo.

211 1155 240 1215 1.
256 1152 365 1236 Atque
379 1151 426 1214 ita
440 1150 570 1234 quidem
578 1150 720 1234 postulet
734 1149 824 1214 loeus
833 1149 902 1233 ipse
917 1147 1080 1232 Coajupia':
1104 1171 1220 1235 nempe
1231 1151 1267 1215 in

165 1255 237 1320 loeo
248 1253 369 1339 gaudii,
384 1253 421 1318 in
438 1254 624 1347 Paradieo,
639 1252 793 1318 instituti.
839 1253 882 1317 In
894 1253 967 1317 loeo
984 1253 1110 1336 gaudia
1134 1254 1217 1318 addo
1233 1260 1266 1318 et

165 1364 327 1444 tempore:
350 1359 498 1424 Laetante
512 1365 584 1422 tum
596 1358 666 1422 Deo
681 1365 777 1442 atque
784 1358 941 1441 qaudeute
951 1377 1044 1440 super
1054 1360 1157 1422 ommia
1172 1380 1266 1442 opera

164 1483 310 1526 mauuum
318 1467 475 1526 auarum.-
493 1463 639 1526 Laetante
651 1468 722 1526 tum
733 1463 863 1542 domiue,
874 1483 948 1526 oum
963 1462 1069 1526 adhue
1082 1463 1116 1525 iu
1130 1462 1261 1527 luoaoret

166 1573 260 1645 esset,
273 1587 310 1630 ae
322 1567 432 1630 bouum
446 1567 559 1645 solum,
569 1587 629 1630 neo
643 1566 722 1630 dum
732 1568 857 1646 mulum,
873 1566 924 1630 vel
934 1567 1039 1645 eoiret,
1054 1567 1106 1631 vel
1120 1567 1264 1633 sentiret.

205 1673 236 1734 2.
260 1670 315 1734 Ita
340 1670 486 1733 Gentium
507 1670 590 1732 ritae
613 1675 709 1753 atque
731 1691 824 1734 mou:
855 1669 921 1754 qui,
947 1669 1090 1735 dictante
1112 1671 1173 1737 hoe
1198 1671 1263 1736 illis

164 1773 301 1838 Naturae
310 1773 392 1852 luce,
401 1773 512 1857 procul
522 1773 619 1857 abjici
629 1774 797 1857 jusserunt
810 1772 1067 1856 opetiafelleam}¹
1080 1796 1099 1838 a
1110 1775 1265 1839 sociifioio

163 1877 312 1960 nuptiali,
328 1878 438 1960 procul
459 1884 493 1941 et
514 1879 628 1940 molam
644 1879 800 1951 eutium¹,·
825 1877 920 1942 Nihil
933 1879 984 1941 vel
1000 1878 1084 1940 ueidi
1097 1878 1148 1941 vel
1163 1881 1265 1942 amari

164 1981 297 2065 Nuptiis
311 1980 516 2046 intervenire.

206 2087 238 2149 3.
261 2085 315 2148 Ita
337 2086 370 2149 S.
386 2085 511 2148 Ia'teroe.
559 2083 683 2148 Scitum
709 2083 789 2147 illud
803 2083 973 2167 ¹imprimis
997 2106 1034 2149 ac
1057 2084 1264 2149 memorabile

166 2187 345 2252 Salomonis
363 2188 525 2251 Canticum
538 2187 574 2250 in
588 2209 663 2251 eum
678 2188 777 2252 finem
799 2187 964 2271 seriptum,
979 2194 1017 2251 ut
1032 2195 1114 2252 esset
1129 2188 1264 2270 Epitha-

164 2289 291 2354 lamium
302 2291 416 2354 Sioute.
463 2290 516 2355 Ibi
531 2290 614 2354 nihil
627 2291 715 2374 legas
730 2290 794 2353 nisi
808 2290 930 2368 laetum,
946 2290 1057 2353 Vinum
1072 2311 1140 2353 eum
1154 2291 1262 2369 Laeta,

163 2394 281 2458 Faeum
291 2415 360 2459 oum
368 2395 475 2473 Melle,
493 2395 685 2476 Uupueutum
700 2413 769 2457 eum
777 2394 938 2471 Aromata,
949 2394 1091 2457 Mettum
1098 2394 1263 2476 Malopra-

163 2503 339 2577 meorum,
359 2505 393 2562 et
414 2519 486 2582 quae
507 2506 661 2581 praeterea
675 2497 720 2560 ibi
735 2497 847 2559 multa.
894 2496 1021 2579 Singuli
1043 2496 1130 2559 enim
1151 2497 1264 2560 Verium

162 2600 299 2685 singulae
313 2603 431 2665 laetitiae
445 2607 533 2665 sunt.

198 2706 229 2769 4.
246 2705 413 2770 Postremo
430 2705 525 2788 (quod
536 2703 635 2767 initio
642 2703 765 2786 monui)
780 2703 889 2784 Major
902 2703 1082 2765 Salomonez
1093 2705 1261 2785 suspendit,

162 2813 286 2891 quanto
306 2815 451 2892 tempore
474 2809 589 2890 nuptia
612 2814 698 2886 sunt,
713 2807 907 2889 jejumum³;
930 2813 963 2869 et
986 2805 1072 2869 foras
1099 2828 1167 2871 esse
1192 2808 1261 2870 vult

162 2911 327 2974 tristitiam
348 2932 478 2975 omnem
494 2933 513 2974 a
527 2910 610 2992 filiu
630 2911 762 2974 thalami
772 2937 782 2972 :
792 2982 795 2989 ,
807 2911 934 2994 Suoque
951 2930 1025 2974 voce
1041 2910 1156 2990 sanxit,
1172 2911 1261 2992 Nup-

162 3014 279 3077 tiarum
301 3020 429 3097 tempua,
446 3020 564 3097 tempus
584 3002 649 3077 eme
669 3015 783 3097 gaudii
794 3042 804 3089 ;
829 3014 967 3096 Spomum
989 3016 1070 3079 em'm
1092 3021 1157 3078 tum
1178 3017 1264 3098 apud

162 3137 228 3182 aoe.
272 3119 482 3202 Aptissimam
496 3118 537 3182 ad
553 3118 706 3200 Spoumm
716 3138 831 3183 ,vocem
846 3138 926 3197 esse,
942 3119 989 3180 nt
999 3119 1158 3202 gaudebit.

205 3221 249 3285 Et
263 3220 361 3286 habet
375 3221 430 3285 ille
445 3221 584 3306 quidem,
601 3221 641 3285 de
656 3220 771 3305 quibus
786 3222 926 3305 gaudeat
948 3241 1055 3285 secum
1070 3227 1102 3286 et
1118 3221 1202 3305 apud
1217 3243 1260 3300 oe,

161 3344 230 3388 non
250 3345 360 3408 pauca,
383 3346 426 3389 ne
449 3331 570 3409 quaeret
592 3324 691 3387 forise
714 3325 858 3389 reflectat
880 3324 922 3388 ad
941 3345 974 3388 se
995 3325 1100 3404 modo,
1123 3345 1184 3389 nec
1199 3326 1262 3388 alio

161 3427 319 3511 respiciet.
368 3429 423 3512 (1.)
443 3429 516 3492 Nee
529 3427 610 3490 illud
633 3427 704 3491 dieo
726 3428 939 3505 Ecclesiastis,
954 3428 1079 3492 Laetare
1093 3427 1260 3500 Juvenal.»
1305 3465 1308 3469 ·

123 3615 126 3621 ὁ
162 3531 249 3613 quod
262 3552 378 3616 nempe
393 3529 520 3614 inflare
533 3531 604 3614 ipso
619 3531 732 3607 metu,
748 3530 868 3595 valenti
883 3531 988 3594 adhue
1002 3538 1177 3614 vegetoque
1192 3553 1260 3596 eor·
1363 3582 1367 3589 ,

161 3652 247 3717 pore,
264 3633 333 3698 sine
349 3655 412 3718 quo
426 3639 537 3698 tamen
558 3633 610 3698 vix
629 3633 767 3716 paudere
791 3632 893 3696 datur.
939 3632 1027 3696 Illud
1042 3633 1158 3716 potius,
1175 3634 1261 3716 quod

160 3744 296 3816 naturae,
308 3759 445 3817 morum,
460 3737 588 3816 indolis,
604 3736 788 3820 ingeniique
804 3736 931 3800 dotibus
945 3737 996 3800 vel
1011 3743 1139 3800 aetatem
1154 3758 1259 3820 supra,

161 3847 199 3904 ut
213 3863 271 3925 pm
286 3849 335 3905 est
350 3841 489 3905 Heroum
505 3841 598 3920 filios,
613 3840 791 3905 instructus
811 3840 938 3905 abunde
958 3847 991 3904 et
1011 3847 1151 3904 ornatui.
1200 3843 1256 3925 (2.)

164 3943 329 4024 Gaudebit,
342 3945 427 4027 quod
440 3946 551 4010 Genus
564 3944 619 4008 Illi
631 3965 669 4007 ex
679 3934 840 4009 Caesarum
855 3944 997 4028 ipsorum
1012 3943 1077 4009 alto
1092 3945 1258 4028 sanguine,

194 4064 299 4114 nacor.
310 4065 337 4114 ii.
351 4067 373 4113 3.
729 4067 884 4130 nuptiarum,
902 4065 969 4129 apud
979 4064 1081 4115 Graevii
1100 4065 1171 4116 'l'hea
1195 4070 1257 4116 Ant.

194 4139 203 4162 ¹
220 4129 282 4180 Gan.
293 4130 321 4179 ii.
335 4131 373 4178 24.
729 4131 801 4180 Rom.
814 4136 875 4179 tom.
884 4131 937 4178 viii.
949 4131 1006 4180 coll.
1016 4130 1088 4192 1017,
1098 4133 1169 4182 1018.
1192 4132 1256 4195 l'raj.

194 4202 202 4225 ⁸
232 4192 393 4258 Pa.oiv.3l.]
729 4195 761 4244 ad
774 4194 852 4245 Rhen.
866 4193 949 4259 1698]

194 4262 203 4291 ²
229 4258 495 4322 cenomanum]
762 4260 860 4310 y(liant.
872 4275 896 4308 v.
909 4264 930 4308 1.

193 4332 205 4354 ¹¹
259 4325 300 4374 ide
313 4323 439 4372 Plutarch.
450 4323 555 4386 Ooujug.
566 4322 685 4387 Praecept.
763 4325 848 4374 ⁸Luc.
861 4325 895 4374 xi.
908 4327 946 4374 31.

161 4388 216 4451 0p.,
234 4394 296 4438 tom.
306 4389 334 4438 ii.
351 4389 442 4451 p.141.
456 4387 498 4452 u]
764 4393 773 4415 ¹
791 4389 864 4439 Matt.
877 4389 912 4438 ix.
925 4392 963 4439 15.

192 4461 205 4484 ¹
223 4453 275 4516 [De
294 4469 340 4502 unu
359 4453 433 4502 molae
453 4453 524 4502 salsae
545 4453 573 4501 iu
590 4454 688 4516 nuptiis
763 4452 774 4484 '³
791 4454 883 4504 Euclea.
892 4455 930 4503 xi.
943 4458 965 4504 9.

161 4518 325 4578 celebrandis,
333 4517 396 4567 eonl'.
405 4517 589 4568 Bam.Brisoon
598 4517 687 4567 deritu

933 4588 998 4648 (ι2
