2970 4914
546 284 640 332 raam
661 285 815 333 noemma
1166 272 1228 338 179

131 441 215 500 stare
230 438 280 501 vel
291 438 412 502 cadere.
447 438 536 502 Nota
549 438 619 503 haec
634 439 717 522 Regi
731 439 844 503 nimis:
868 440 1018 505 Assuevit
1033 440 1099 505 diu.
1138 443 1228 506 Jam-

130 539 253 602 dudum
282 561 374 604 aures
399 541 479 625 Ejus
504 562 596 605 voces
625 541 695 605 istae
724 542 1033 607 circumsonuerunt.
1081 544 1148 610 Scit
1175 567 1226 608 su-

129 663 254 724 peresse
276 643 329 706 hic
350 643 434 726 apud
453 662 524 722 nos,
540 643 595 726 qui
618 643 771 728 arripient
788 645 898 715 statim
913 666 932 708 e
946 645 1012 708 tuis
1027 646 1227 711 occasionem

128 767 254 825 novam,
270 767 337 811 non
357 747 486 830 quidem
508 747 707 811 convellendi
725 747 792 830 (qui
812 769 870 830 per
892 754 943 811 tot
967 749 1083 813 saecula
1105 751 1228 814 radices

128 848 254 932 egerit),
270 850 325 913 sed
339 856 426 914 certe
441 849 597 914 Ordinem
612 849 700 913 hunc
714 857 861 913 nostrum
877 850 1059 933 sugillandi.

171 953 276 1016 'Panto
298 959 406 1016 autem
430 953 492 1016 hoc
518 951 638 1035 magis:
663 951 758 1035 quod,
779 973 845 1016 uno
872 953 1047 1036 eodemque
1072 959 1226 1037 tempore,

128 1074 195 1117 non
210 1076 249 1118 ex
264 1053 440 1138 composito
458 1054 587 1136 (credo),
604 1053 660 1118 sed
673 1060 783 1117 tamen
798 1054 889 1138 quasi
904 1077 943 1119 ex
957 1056 1144 1138 composito,
1155 1077 1228 1121 ecce

128 1155 189 1220 tibi
204 1158 365 1222 Bueerus⁰
384 1156 525 1240 quidam,
546 1177 607 1222 nec
625 1157 721 1220 laesus
748 1178 767 1220 a
789 1179 949 1241 quoquam
972 1179 1032 1222 nec
1053 1159 1227 1239 lacessitus,

129 1259 241 1323 eadem
256 1261 348 1343 quasi
361 1261 400 1324 de
414 1282 458 1338 re,
474 1266 617 1342 tempore
636 1260 732 1342 plane
751 1260 938 1343 importuno
958 1261 1105 1325 libellum
1127 1262 1228 1326 edidit

128 1363 256 1426 Latine.
302 1365 408 1431 Quem
427 1363 489 1426 ista
509 1364 632 1446 Regem
652 1385 720 1427 non
734 1363 863 1440 feriant,
880 1363 968 1447 pacis
983 1364 1144 1447 cupidum,
1160 1386 1228 1429 non

127 1485 185 1548 per
205 1467 367 1530 Ecclesiae
390 1465 486 1531 modo
509 1487 591 1544 suas,
613 1466 669 1530 sed
693 1487 789 1548 quam
812 1467 909 1530 vellet
933 1465 1032 1530 etiam
1055 1489 1093 1531 ac
1117 1468 1228 1550 magni

128 1574 258 1647 emeret,
274 1589 331 1652 per
347 1575 453 1632 totum
471 1568 546 1650 (qua
564 1564 670 1652 patet)
686 1568 808 1632 Orbem
827 1567 1074 1632 Christianum?
1120 1571 1228 1636 Quare

128 1669 155 1731 si
175 1671 266 1734 obelo
289 1671 412 1735 notavit
435 1671 498 1733 ista
522 1672 601 1748 Rex,
625 1691 667 1734 ne
691 1691 777 1753 aegre
805 1670 867 1733 tibi
890 1670 950 1736 sit:
973 1671 1087 1734 Audeo
1112 1671 1225 1750 dicere,

127 1774 292 1838 asteriscos
305 1775 425 1838 multos
439 1773 563 1851 maluit,
583 1773 636 1855 (ad
650 1779 708 1836 tua
727 1757 921 1857 prasertim)
936 1794 1033 1856 quam
1047 1775 1098 1838 vel
1112 1774 1229 1838 obelis·

127 1896 201 1939 cum
216 1897 318 1940 unum
334 1877 514 1960 appingere.

172 1979 269 2062 Regis
284 1987 393 2044 autem
407 1979 460 2044 hic
475 1979 610 2058 animus,
626 1979 752 2043 animus
772 1978 884 2043 itidem
903 1980 952 2062 (ut
966 1999 1026 2061 par
1041 1979 1100 2061 est)
1119 1987 1228 2043 noster

127 2087 176 2145 est
200 2083 354 2163 omnium.
401 2083 476 2150 Qua
499 2083 536 2146 in
558 2104 594 2146 re
620 2083 745 2167 appello
775 2083 959 2166 aequitatem
984 2089 1086 2146 tuam.
1135 2084 1227 2146 lueri

126 2191 231 2248 vestra
245 2185 383 2264 voluisti,
399 2187 651 2249 adversariorum
669 2187 864 2267 proterviam
887 2185 1074 2248 retundere:
1095 2186 1131 2248 ni
1143 2186 1228 2251 face-

124 2305 188 2366 res,
205 2307 335 2351 ceasaro
350 2288 408 2350 tibi
423 2289 543 2369 Spaodi
557 2287 766 2350 incurrenda:
791 2308 827 2350 ae
841 2286 893 2351 vel
904 2288 1044 2350 eeucado
1049 2289 1226 2368 palinodia,

124 2390 178 2453 vel
192 2388 379 2477 καθαίρεσις
392 2390 575 2454 metuenda.
620 2389 760 2454 Veniam
775 2389 908 2454 damus:
931 2396 965 2452 et
983 2411 1079 2472 quam
1102 2390 1226 2470 damus,

126 2492 266 2557 vicissim
287 2495 445 2577 petimus:
468 2501 507 2557 ut
528 2500 562 2558 et
583 2492 678 2558 nobis
700 2498 811 2556 nostra
827 2492 912 2556 tueri
926 2493 1031 2572 liceat,
1048 2493 1142 2557 sicuti
1157 2516 1227 2559 cor-

126 2596 217 2660 datos
241 2597 333 2662 decet
358 2604 391 2661 et
413 2596 539 2681 probos.
586 2598 671 2660 Sunt
696 2603 729 2659 et
756 2594 851 2659 nobis
878 2595 1048 2659 adversarii
1070 2598 1227 2679 protervi:

129 2701 213 2763 Sunt
228 2707 261 2764 et
276 2701 361 2785 apud
380 2723 440 2766 nos
460 2699 674 2778 conscientiae,
691 2721 769 2783 quas
783 2697 970 2762 labefactari
984 2720 1053 2762 non
1067 2699 1227 2782 patimur;

127 2803 217 2884 quasi
232 2805 295 2868 alio
310 2804 368 2868 sub
383 2804 536 2875 Ecclesiae
557 2803 713 2886 regimine
727 2802 846 2880 vivant,
864 2823 962 2885 qnam
978 2802 1064 2885 quod
1079 2802 1119 2866 ab
1134 2803 1228 2867 initio

125 2904 198 2984 fuit,
214 2913 256 2985 et,
273 2907 323 2970 vel
338 2907 377 2972 ab
394 2907 464 2991 ipso
479 2907 710 2990 Apostolorum
725 2904 848 2968 saeculo.
894 2904 1003 2968 Parati
1017 2905 1089 2984 hoc,
1106 2905 1132 2967 si
1148 2927 1227 2988 opus

127 3009 179 3087 sit,
196 3017 229 3072 et
244 3010 272 3073 si
285 3031 337 3074 res
352 3011 444 3090 ierat,
460 3010 613 3075 Ecclesiae
628 3008 691 3073 toti
705 3008 913 3071 manifestum
928 3008 1072 3071 reddere.

171 3114 276 3179 Quam
292 3115 406 3179 vellem
420 3115 529 3197 igitur,
544 3113 595 3177 vel
610 3119 720 3177 nostra
735 3133 778 3175 ne
799 3111 959 3194 attigisses
975 3111 1114 3195 quidem.
1138 3112 1225 3176 Nam

127 3216 198 3298 quis
213 3217 340 3300 coegit?
385 3219 518 3282 Poteras
536 3217 572 3279 in
593 3217 701 3280 hostes
719 3216 810 3298 (quos
832 3213 922 3296 dicis)
938 3215 1006 3291 tela
1028 3222 1224 3292 convertere,

125 3338 185 3380 nec
211 3327 322 3382 nostra
349 3320 579 3402 perstringere:
611 3339 678 3381 non
702 3317 780 3380 adeo
809 3323 921 3379 nostra
944 3317 1059 3380 vestris
1087 3317 1225 3401 implexa

127 3425 212 3498 sunt,
229 3421 308 3503 quin
322 3421 379 3483 illa
392 3421 519 3484 silentio
533 3419 696 3502 praeterire
705 3419 798 3497 *factu
812 3418 872 3480 tibi
886 3418 1082 3482 facillimum

439 3556 485 3606 Est
493 3559 519 3606 et
530 3554 600 3606 fideli
611 3559 667 3605 tuta
677 3555 780 3605 silentio

439 3619 557 3671 Marassa

127 3737 199 3816 Vel,
212 3737 241 3799 si
252 3736 384 3801 omnino
398 3736 521 3801 ferebat
535 3735 669 3813 animus,
686 3741 722 3798 ut
737 3735 844 3818 aliqua
858 3734 898 3798 de
912 3735 1028 3798 nostris
1042 3735 1222 3799 immiscere
1280 3741 1343 3802 166

127 3841 241 3904 velles:
275 3847 371 3923 quam
393 3839 517 3918 vellem,
542 3837 810 3902 communicasses
840 3857 914 3900 eum
939 3839 1029 3920 Rege
1053 3838 1222 3901 consilium

126 3950 230 4021 tuum,
247 3950 279 4006 et
295 3943 427 4026 quidde
444 3943 510 4006 suis
527 3943 648 4025 (nostra
669 3940 755 4004 enim
772 3962 830 4023 pro
853 3941 917 4003 suis
936 3940 1049 4023 habet)
1065 3941 1222 4005 inanimo

127 4045 263 4110 haberes
285 4047 432 4123 scribere,
449 4048 581 4129 Regem,
605 4045 682 4108 dum
698 4044 803 4108 adhuc
817 4065 867 4107 res
885 4043 1008 4107 ferebat
1030 4051 1064 4108 et
1085 4052 1221 4128 tempus,

161 4224 171 4247 ⁶
193 4215 357 4279 [Dissertatio
369 4215 400 4266 de
413 4215 600 4266 Gubernatione
611 4215 655 4264 Ec·
698 4215 822 4275 Doctoris,
849 4214 986 4265 concione.
1004 4215 1035 4263 .'.
1052 4229 1087 4264 .a
1103 4215 1222 4267 Gersomo

129 4281 221 4339 clasiae,
233 4281 393 4344 maximeque
407 4281 438 4330 de
455 4280 613 4344 Presbyterio
629 4284 655 4329 et
699 4279 801 4338 Bucam,
834 4278 1008 4342 Middleburgi
1048 4279 1222 4341 Zelandorum,

131 4345 282 4408 Episcopatu
285 4380 365 4403 .....
376 4346 458 4395 amica
473 4345 609 4394 collatione
619 4345 655 4393 in·
699 4343 785 4408 lala]

129 4411 220 4458 stituta
236 4424 293 4458 cum
310 4409 457 4469 doctissimi,
473 4409 655 4470 clarissimique
731 4406 742 4438 ἃ
759 4407 832 4472 [llor.
845 4407 928 4458 Oarm.
946 4407 994 4456 Ill.
1011 4410 1033 4457 2.
1045 4409 1094 4472 aa]

129 4474 178 4522 riri
199 4472 302 4536 Georgii
322 4473 461 4534 Dounami,
479 4473 503 4524 S.
512 4473 655 4535 'l'heologioe

860 4558 918 4617 ut
