2970 4914
44 2705 82 2756 Da
93 2705 179 2755 atten'

43 2769 123 2819 tionis
134 2769 172 2818 in·

43 2833 166 2884 tentione.

85 3403 172 3481 as¹

43 3525 66 3572 1.
83 3521 108 3572 A
121 3521 176 3572 llu-

41 3601 101 3638 ncra
112 3587 175 3652 ipso.

208 259 253 322 42
590 273 708 321 couc1o
727 273 771 321 sn
794 273 923 322 cunnus

208 430 313 502 cobn3
335 428 392 493 sed
406 433 517 492 tamen
530 429 592 492 hoc
605 428 641 492 in
655 450 772 512 genere
786 451 900 512 nuper,
915 450 975 493 nec
989 429 1024 492 id
1039 430 1170 512 quidem
1185 430 1307 508 leviter,

209 532 361 595 attentati
383 532 471 595 estis.
519 531 605 593 Grec
625 531 694 614 ipse
716 532 915 615 petulantior
932 533 1002 615 jam
1021 533 1137 610 factus,
1153 554 1309 616 usurpare

208 634 271 698 sibi
294 635 390 718 coepit
413 636 616 709 attentionem
641 635 759 698 vestri:
788 635 930 719 dumque
958 657 1015 698 vos
1036 636 1191 719 populum
1220 636 1310 699 lente

192 737 335 814 curatis,
355 758 411 800 vos
433 739 569 820 populus
593 743 684 800 curat
708 737 839 801 scilicet.
884 738 968 801 Inde
990 739 1077 802 enim
1099 759 1202 821 nuper
1224 739 1310 802 male

203 839 310 903 feriati
330 840 389 917 illi,
403 847 472 903 tam
491 840 620 917 oculati,
635 846 704 903 tam
723 841 849 918 attenti,
865 847 934 904 tam
954 841 1077 924 Lyncei
1096 840 1132 903 in
1153 862 1260 904 mores
1274 848 1309 904 et

204 943 346 1007 actiones
360 949 501 1007 vestras:
518 943 603 1006 Inde
616 943 681 1007 illae
695 964 827 1026 nuperae
841 950 909 1006 tam
925 943 1058 1007 curiosae
1071 943 1309 1025 inquisitiones,

204 1053 238 1108 et
253 1046 489 1128 disquisitiones
504 1045 539 1110 in
553 1067 680 1109 mensas
695 1053 728 1110 et
743 1047 890 1110 cubicula
899 1053 1024 1109 vestra:
1042 1047 1309 1110 IndeItineraria

203 1149 269 1226 illa,
285 1150 444 1230 Repistra,
466 1150 566 1228 Fasti,
583 1149 660 1232 quid
680 1171 699 1212 a
721 1171 848 1232 quoque
862 1156 1017 1226 vestrum,
1036 1149 1174 1230 quando,
1192 1149 1308 1232 quibus

204 1251 241 1314 in
269 1252 376 1331 rebus,
401 1259 543 1316 erratum
573 1259 631 1316 est.
679 1253 767 1318 Quid
789 1253 877 1316 aliud
901 1252 963 1315 hoc
985 1249 1120 1337 ὕστερον
1140 1249 1308 1338 πρότερον,

206 1375 303 1436 quam
328 1354 407 1418 levis
431 1354 592 1418 vellicatio
616 1354 813 1418 remissionis
841 1355 980 1417 vestrae?
1025 1354 1169 1416 Attentio
1192 1375 1308 1437 nempe

201 1459 309 1538 prepis
330 1456 371 1519 ad
391 1474 454 1534 cos,
471 1457 549 1520 dum
564 1456 625 1539 ipsi
648 1457 689 1520 ad
707 1477 833 1538 prepem
854 1479 969 1540 parum
992 1457 1166 1521 attenditis.
1211 1457 1309 1521 Petro

205 1559 379 1622 dormienti
401 1558 570 1624 Christus:
596 1559 719 1638 Simon,
736 1559 878 1622 dormis?
922 1559 1043 1622 Addidi
1058 1559 1145 1642 prius
1168 1559 1308 1642 glossam

203 1683 313 1740 unam,
342 1661 464 1740 Simon,
496 1662 621 1734 dormis,
652 1663 708 1744 qui
734 1663 812 1726 alios
834 1662 973 1726 excitare
988 1661 1169 1725 debueras?
1213 1663 1309 1725 Addo

199 1765 269 1848 jam
299 1763 415 1827 aliam:
441 1764 564 1844 Simon,
590 1765 718 1843 dormis,
743 1771 776 1828 ct
804 1766 824 1828 J
828 1765 907 1828 udas
932 1785 999 1827 non
1021 1765 1162 1828 dormit?
1206 1764 1309 1830 Vobis

208 1866 342 1948 (Patres)
363 1867 464 1931 addo:
489 1867 577 1930 Juda
590 1868 754 1950 vigilante,
775 1889 836 1932 nec
857 1888 924 1930 uno
940 1867 1036 1945 Juda,
1052 1867 1123 1929 istis
1145 1875 1196 1931 tot
1213 1868 1233 1930 J
1235 1867 1308 1930 udis

202 1969 477 2052 pervigilantibus,
493 1970 564 2033 istis
579 1978 629 2034 tot
639 1972 660 2034 J
661 1970 734 2035 udis
749 1970 881 2034 insidias
896 1969 986 2034 vobis
1002 1969 1221 2047 tendentibus,
1236 1970 1309 2034 istis

204 2078 252 2135 tot
268 2073 289 2134 J
290 2071 362 2136 udis
385 2073 426 2136 ad
447 2073 623 2156 perniciem
642 2080 784 2138 vestram
807 2072 1061 2151 attendentibus,
1077 2073 1145 2136 Vos
1160 2072 1251 2136 vobis
1266 2073 1308 2137 ad

204 2175 342 2238 salutem
364 2197 432 2238 non
455 2177 646 2239 attenditis?
689 2176 853 2240 Attendite
877 2196 952 2239 vcro
963 2200 973 2252 3
996 2176 1075 2237 liora
1088 2176 1161 2256 jam
1181 2181 1237 2254 est,
1253 2197 1309 2239 vos

203 2278 297 2356 vobis,
313 2285 347 2342 et
358 2280 450 2361 prepi
463 2285 570 2343 vestro
585 2280 754 2343 attendere.
799 2280 849 2343 Ac
871 2279 911 2342 de
933 2279 1103 2341 attentione
1117 2284 1226 2342 vestra
1243 2278 1309 2342 huc

204 2401 307 2464 usque
321 2383 498 2445 ectensive:
522 2383 632 2466 Pergit
647 2404 722 2448 vero
739 2383 818 2466 jam,
836 2389 869 2448 et
882 2383 1032 2446 intensive
1046 2381 1189 2464 loquitur
1203 2381 1308 2466 Apos-

207 2484 302 2550 tolus.

252 2690 321 2755 111.
345 2690 430 2758 Quia
452 2691 539 2756 emm
560 2693 608 2776 (ut
632 2699 717 2770 ante,
741 2691 781 2756 de
803 2690 939 2755 Psalmis
948 2699 969 2768 ⁸,
990 2690 1097 2772 citavi)
1123 2689 1190 2754 iere
1204 2689 1308 2754 instar

206 2813 299 2857 arctis
314 2795 413 2858 dolosi
435 2816 555 2873 sumus,
571 2801 605 2858 et
619 2816 736 2859 nervus
751 2801 861 2858 noster
875 2794 940 2858 cito
962 2792 1002 2857 de
1024 2799 1106 2857 tenu
1127 2792 1288 2857 delabitur
1296 2817 1306 2870 3

205 2917 248 2960 nc
258 2896 400 2961 labascat
412 2897 518 2961 denuo
533 2899 663 2960 attentio
678 2903 799 2975 nostra,
811 2895 914 2960 nectit
928 2903 995 2958 tres
1007 2894 1107 2959 nodos
1114 2895 1307 2978 Apostolus,

206 3005 240 3063 et
254 2996 495 3081 quasijicnimdo
510 2999 647 3081 tripticit
662 2999 811 3083 astringit
826 2999 868 3062 ad
882 2997 1032 3062 officium.
1071 2998 1154 3064 Quae
1167 3019 1308 3081 namque

204 3107 337 3180 restant,
350 3101 527 3166 statumina
540 3102 613 3181 tria,
626 3110 658 3167 et
674 3102 767 3186 quasi
780 3109 846 3166 tres
859 3101 1032 3167 monitores
1048 3108 1134 3179 sunt,
1146 3100 1210 3184 qui,
1222 3101 1308 3184 quod

205 3203 346 3269 Vestalis
368 3204 426 3268 illa
450 3205 620 3268 Sacrorum
643 3205 726 3288 Regi
746 3205 831 3288 apud
846 3205 1022 3283 Romanos,
1038 3210 1196 3288 perpetuo
1215 3202 1307 3266 vobis

206 3305 248 3370 ad
284 3327 395 3371 aurem
424 3307 559 3386 accinat,
589 3309 773 3391 Vipitnsne?
803 3310 874 3372 Rea
901 3309 1042 3390 nptias:
1081 3307 1306 3385 Attenditisne,

206 3409 318 3474 Patres
334 3417 367 3474 et
382 3411 554 3490 Fratrmi3
579 3413 674 3475 etiam
689 3413 850 3476 attendite.

249 3513 397 3576 Monitor
417 3513 542 3598 primus
564 3515 684 3579 Manus
705 3515 832 3599 ipsum:
865 3516 970 3578 Positi
992 3516 1067 3577 estis
1088 3513 1240 3594 Episcopi
1264 3512 1309 3574 ad

198 3618 399 3698 pascendum.
432 3617 560 3682 Primus
575 3619 715 3702 quidem,
726 3627 759 3683 at
772 3641 955 3703 quanquam
968 3617 1100 3700 primus,
1113 3637 1181 3679 non
1195 3623 1307 3679 tamen

203 3721 338 3786 unicus:
363 3721 506 3804 Singula
524 3721 611 3785 enim
634 3743 738 3799 voces,
759 3724 872 3800 Positi,
893 3721 1054 3803 Episcopi,
1075 3720 1221 3798 Poscere,
1240 3719 1306 3782 sin·

204 3825 280 3906 gula
309 3833 500 3908 argumenta
526 3833 619 3888 sunt:
654 3826 767 3904 Positi,
795 3827 920 3890 Munus
944 3824 1091 3906 designat
1102 3848 1112 3901 3
1143 3824 1305 3905 Episcopi,

203 3928 355 4005 Nomen;
388 3930 534 4007 Poscere,
552 3928 817 3992 Similitudinem.
865 3928 992 3993 Titulus
1018 3934 1050 3989 ct
1074 3927 1214 4005 Nomen,
1243 3948 1307 4009 quo

203 4031 308 4094 notati
316 4056 327 4109 3
350 4031 465 4114 Imago
487 4039 521 4095 et
542 4032 668 4110 umbra,
684 4052 747 4114 qua
761 4029 986 4114 repraesentati
996 4054 1005 4106 3
1030 4029 1155 4092 Munus
1178 4036 1211 4093 et
1227 4030 1306 4093 Pro·

203 4133 319 4210 vincia,
342 4133 384 4196 ad
403 4155 499 4216 quam
521 4135 626 4199 vocati
647 4134 737 4198 estis.
782 4135 863 4198 Haec
884 4154 940 4198 vos
962 4133 1072 4196 omnia
1092 4153 1158 4196 una
1172 4153 1249 4198 voca
1264 4132 1306 4197 ad

204 4237 402 4300 attentionem
416 4244 542 4301 vocant.

235 4426 243 4447 ⁵
261 4416 353 4466 Psalm.
364 4416 465 4465 lxxviii.
479 4416 516 4466 57.
806 4425 819 4447 ¹¹
848 4416 914 4469 Vide
933 4417 1048 4468 Servium
1065 4416 1098 4468 ad
1116 4417 1188 4479 Virg.
1205 4415 1260 4465 Eu.
1279 4431 1304 4466 x.
1354 4429 1357 4434 ’

235 4482 243 4512 2
265 4480 343 4544 [Vide
354 4481 445 4532 Eccles.
457 4480 489 4531 iv.
503 4480 552 4544 lt]
775 4484 830 4532 228.
