2970 4914
353 343 363 360 .
457 279 494 326 ru
516 279 641 327 srrooo
660 279 876 342 rnovrucmnr,
900 279 968 327 mc.
1222 266 1266 328 39

163 432 257 509 datie,
272 431 361 495 brevi
382 433 473 496 nulla
491 435 602 498 futura
623 442 673 499 est
691 434 832 513 omnino,
849 435 901 497 oui
916 433 960 520 (si
982 433 1120 498 maxime
1136 434 1262 518 velitis)

161 533 291 616 possitis
307 536 476 598 attendere.

206 637 330 700 Verum
353 639 441 701 enim
467 660 543 718 non,
568 640 596 702 si
617 640 694 703 ratis
716 636 876 703 Doctciace
898 647 1031 704 cautum
1050 646 1108 720 est,
1129 639 1265 704 absolvit

161 761 217 803 vos
231 741 414 822 Apostolus,
425 741 491 804 nisi
505 749 538 805 et
553 742 706 806 advitam
721 764 847 826 quoque
863 743 933 806 sitis
949 744 1069 807 attenti.
1096 743 1267 806 Attendite

161 842 247 904 cobis
269 850 302 905 et
326 842 497 922 doctrinae3
527 865 588 908 neo
612 846 761 908 doctriua
786 846 892 924 modo,
917 845 1029 909 sedet
1051 841 1267 930 civccrporpp¹¹

162 946 333 1019 attendite3
360 946 395 1008 id
418 953 477 1024 est,
492 947 666 1026 Attendite,
683 969 734 1027 ne,
756 948 843 1030 quod
865 968 938 1011 acce
964 947 1117 1026 astruitis,
1142 947 1178 1010 id
1199 947 1267 1009 cita

163 1047 345 1110 destruatis.
377 1049 542 1131 Praecepta
555 1071 610 1113 vos
626 1050 724 1132 gregi,
740 1071 801 1113 nec
816 1051 922 1113 solum
936 1056 1106 1132 praecepte,
1121 1049 1268 1131 exempla

163 1170 289 1231 quoque
310 1150 386 1213 dare
400 1152 488 1215 vult:
512 1172 572 1214 nec
592 1153 737 1234 exempla
760 1152 836 1216 dare
850 1174 915 1230 vos,
934 1153 1013 1234 quin
1033 1152 1179 1233 exempla
1197 1151 1268 1215 vult

163 1274 231 1316 esse
247 1253 409 1332 fidelium3
433 1262 531 1337 atque
545 1254 622 1318 inde
637 1255 791 1319 nimirum
808 1257 915 1338 crepis
933 1255 1068 1319 mentio.
1105 1254 1266 1338 Populum

163 1355 251 1418 enim
266 1355 343 1418 dum
360 1377 485 1438 gregem
501 1357 588 1436 dicit,
603 1357 638 1420 id
656 1357 746 1436 dicit,
762 1358 920 1440 Oportere
935 1379 990 1421 vos
1004 1357 1052 1420 ita
1071 1356 1267 1439 compositos

163 1478 232 1520 esse
245 1467 393 1540 respectu
406 1459 517 1543 populi
525 1486 535 1538 3
559 1481 679 1524 ecesse
694 1466 727 1523 et
741 1459 930 1543 integritate
945 1481 1073 1523 morum
1092 1467 1126 1522 et
1148 1459 1267 1522 sancti·

162 1560 280 1638 monia,
296 1568 333 1623 ut
353 1562 478 1645 reliqui,
495 1562 734 1645 comparatione
749 1561 857 1641 vestri,
874 1562 990 1625 merito
1008 1581 1090 1643 grec
1108 1561 1266 1624 dicantur.

162 1664 268 1726 Acute
289 1664 324 1727 id
337 1665 417 1727 vidit
440 1665 643 1743 Scholiastes,
659 1665 790 1748 perinde
812 1671 849 1728 ut
872 1662 1004 1740 σκοπὸς,
1020 1664 1067 1727 ita
1088 1670 1121 1727 et
1136 1661 1267 1726 ἐπίσκο-

162 1789 233 1837 πος,
248 1787 316 1830 non
331 1768 432 1830 active
446 1767 560 1846 solum,
576 1789 688 1832 verum
697 1769 825 1848 passive
841 1788 967 1850 quoque
981 1765 1140 1848 usurpari.
1184 1765 1267 1846 Epi-

162 1871 247 1951 scapi
262 1870 339 1932 estis
360 1871 470 1949 active,
486 1869 521 1933 id
541 1876 599 1946 est,
615 1871 810 1951 Inspectores
819 1896 830 1943 3
847 1871 986 1952 passive,
1001 1869 1036 1931 id
1058 1876 1118 1947 est,
1136 1869 1266 1950 Specta-

163 1974 253 2034 cala:
285 1972 421 2037 aliorum
451 1973 548 2036 simul
570 1975 774 2055 Inspectarec,
806 1974 903 2036 simul
930 1974 1089 2054 Inspecti3
1121 1972 1267 2036 omnium

163 2075 250 2138 enim
264 2075 300 2137 in
310 2097 366 2140 vos
381 2076 466 2139 oculi
480 2083 577 2159 etque
592 2098 648 2140 ora
659 2097 813 2141 conversa
828 2083 906 2139 sunt
914 2101 924 2152 3
948 2096 1061 2140 omnes
1077 2074 1113 2138 in
1123 2075 1267 2138 doctrina

163 2177 337 2241 attendunt
358 2178 458 2256 vobis,
475 2200 587 2242 omnes
607 2179 644 2242 in
662 2180 729 2242 vite
750 2179 925 2242 attendunt
947 2178 1074 2243 advos.
1119 2177 1217 2244 Quod
1239 2177 1268 2240 si

164 2281 234 2363 quis
259 2280 296 2344 in
316 2288 424 2346 vestro
445 2282 592 2346 illatam
615 2291 727 2347 sancto
753 2303 790 2345 1ο
815 2281 999 2346 venerando
1026 2280 1151 2345 Ordine
1174 2281 1268 2344 mulce

146 2383 272 2471 'frugis
290 2385 316 2447 si
331 2385 403 2468 quis
421 2386 623 2468 Dilapidator
637 2385 757 2448 AErarii
779 2385 870 2463 socri,
887 2385 914 2447 si
929 2384 1000 2467 quis
1020 2383 1221 2466 polygamus,
1238 2383 1266 2446 si

162 2507 272 2570 nepos,
286 2487 313 2549 si
327 2487 487 2564 falsarius,
504 2489 530 2551 si
548 2489 733 2566 foenerator,
750 2487 777 2550 si
795 2507 897 2570 caupo
919 2485 1157 2550 Beneficiorum
1166 2511 1177 2563 3
1200 2485 1266 2548 lete

164 2610 198 2652 se
224 2590 344 2672 spargit
370 2591 561 2673 exemplum,
585 2597 618 2654 et
640 2590 738 2655 nimis
760 2589 853 2653 facile
875 2609 1074 2672 responsum,
1097 2589 1184 2650 Idem
1207 2590 1265 2651 hoc

163 2692 340 2775 Episcopus
359 2699 464 2757 aester
470 2692 647 2774 factitavit.
693 2695 789 2758 Certe
812 2693 840 2755 si
855 2692 933 2776 quid
946 2692 998 2756 vel
1012 2691 1126 2754 leviter
1141 2711 1160 2752 1
1173 2690 1264 2754 vobis

163 2795 339 2859 admissum
368 2803 427 2875 est,
451 2817 571 2880 magna
595 2796 681 2876 inde,
706 2804 739 2860 et
765 2795 858 2858 malis
886 2794 1017 2860 licentia
1040 2793 1204 2876 peccandi,
1231 2799 1265 2856 et

161 2898 313 2980 malignis
328 2920 406 2962 ansa
417 2899 651 2964 calumniandi:
672 2919 890 2983 magnumque
902 2896 1130 2962 declinationes
1141 2902 1263 2974 vestroe,

162 3007 195 3063 ct
217 3001 270 3064 hic
291 3001 327 3064 in
344 3001 441 3066 Sione
462 3002 597 3080 luctum,
613 3009 646 3066 et
667 3002 734 3066 illic
748 3010 838 3066 trans
860 3023 949 3066 marc
965 3020 1091 3084 quoque
1113 2999 1149 3063 in
1163 3000 1265 3064 Asca·

161 3105 235 3168 lone
248 3106 452 3188 triumphum
466 3107 617 3170 excitant.
660 3107 768 3173 Quare
784 3106 823 3170 ab
838 3106 899 3170 hac
915 3125 1041 3189 quoque
1055 3108 1147 3186 perte
1162 3107 1264 3166 attea·

162 3208 226 3272 eiite
246 3210 347 3272 Vobis.
686 3218 690 3223 ’

205 3311 387 3390 Enimvero,
403 3311 467 3374 nisi
480 3333 536 3377 vos
549 3312 639 3376 vobis
660 3312 722 3376 hac
741 3318 832 3396 parte
848 3311 995 3390 caveatis,
1012 3309 1153 3395 Optimae
1168 3309 1263 3373 Prin-

162 3413 242 3495 cipis
264 3413 376 3496 gratia,
392 3415 567 3478 Procerum
580 3415 678 3494 favor,
695 3413 826 3498 Legum
844 3421 957 3492 terror,
974 3414 1030 3478 diu
1043 3413 1134 3477 vobis
1154 3432 1265 3476 cavere

162 3536 229 3578 non
248 3522 410 3598 poterunt.
456 3517 718 3600 Intelligcntibus
740 3519 863 3600 loquor.
911 3517 984 3581 Soio
1004 3537 1063 3599 ego
1077 3537 1134 3579 vos
1154 3515 1264 3577 adver-

162 3621 240 3683 tisse
272 3622 401 3684 Statum
430 3620 518 3686 hunc
547 3628 645 3704 atque
674 3621 832 3686 Ordinem
860 3627 1020 3697 nostrum,
1049 3640 1118 3681 non
1146 3623 1216 3680 tum
1245 3637 1265 3678 1

162 3722 300 3805 politicis
314 3723 450 3806 legibue,
467 3745 564 3807 quam
584 3724 624 3788 ab
644 3724 815 3788 hominum
835 3721 1040 3787 conscientiis
1060 3725 1265 3784 momentum
1288 3715 1416 3794 32'[bic]

143 3825 281 3888 'habere
307 3832 403 3908 atque
429 3827 495 3890 vim
520 3847 631 3891 suem:
662 3826 779 3910 quibus
804 3826 869 3890 nisi
891 3846 951 3888 nos
976 3822 1200 3888 commendare
1228 3821 1266 3886 in

163 3935 339 4009 conspectu
367 3927 440 4008 Dei,
473 3936 507 3992 et
531 3926 574 3992 in'
597 3930 713 4013 quibus
742 3929 806 3993 nisi
834 3927 1075 3994 venerationem
1103 3925 1265 3990 internam

162 4030 281 4093 lucrari
305 4030 410 4110 detur,
437 4053 534 4116 quam
558 4033 621 4096 istu
645 4032 738 4097 nobis
764 4033 815 4116 (de
839 4053 903 4117 qua
928 4030 1005 4113 dixi)
1035 4028 1167 4093 attentio
1190 4049 1266 4094 con-

163 4132 295 4210 ciliabit,
321 4133 444 4198 trustra
465 4135 560 4199 nobis
583 4137 707 4215 faverit,
732 4135 853 4200 frustm
881 4133 1001 4200 caverit
1028 4134 1081 4198 lex
1105 4133 1184 4198 ulla.
1230 4131 1267 4196 Si

162 4234 329 4299 remittitis
358 4236 419 4301 hac
440 4245 532 4321 parte
557 4241 758 4303 atteatioaem
782 4245 932 4318 vestram,
960 4237 988 4302 si
1014 4238 1159 4301 doctriua
1185 4235 1266 4299 ladi-

163 4339 264 4402 briam
278 4345 336 4418 est,
353 4338 382 4402 si
395 4341 463 4404 cita
481 4343 674 4422 scandalum,
689 4343 826 4406 fortasse
840 4364 908 4407 non
928 4347 1095 4406 momento
1110 4361 1185 4418 uno,
1201 4359 1269 4401 non

603 4471 614 4495 ¹¹
632 4464 646 4513 1
659 4462 726 4514 'lim
737 4463 771 4514 iv.
784 4465 823 4513 12.
