2970 4914
476 283 675 334 ranonoorcr
696 273 948 357 amoenamus·
1197 268 1261 331 109

161 438 214 503 liti
228 439 418 505 faciendam.
449 441 651 524 Argumenta
664 463 749 521 vero,
765 441 829 506 sive
843 436 1050 519 βεβαιώσεις,
1062 439 1134 518 illae,
1147 436 1263 521 quibus

164 542 186 605 J
187 542 274 606 udici
293 543 371 608 fides
394 544 432 607 fit
440 569 450 622 ς
476 545 517 627 (a)
543 545 662 628 partim
675 552 761 609 notae
776 551 853 608 sunt
869 551 965 626 atque
979 542 1099 606 indicia
1118 543 1200 626 (quae
1214 541 1263 605 rei

163 653 281 710 natura
301 645 374 730 fert)
401 655 490 731 certa
512 656 608 731 atque
633 648 835 713 indubitata:
869 647 913 731 (b)
936 647 1054 732 partim
1076 645 1264 710 testimonia

163 748 350 833 incorrupta
364 757 461 834 atque
476 751 613 835 integra.

206 852 333 916 Indicia
340 880 350 932 ;
374 853 481 937 qualia
493 854 701 936 proferrmtur
716 854 934 938 aparentibus
949 853 985 917 in
998 874 1094 917 causa
1107 853 1264 916 traductae

163 955 304 1039 virginis,
320 957 419 1020 Deut.
435 956 511 1020 xxii.
525 959 576 1022 17.
601 957 800 1021 Testimonia
808 984 818 1036 3
842 977 979 1041 quorum
999 955 1058 1020 sub
1074 956 1137 1019 fide
1151 955 1263 1019 itidem

164 1059 268 1122 omnis
298 1060 381 1123 actio
410 1061 629 1140 confirmatur,
660 1061 759 1124 Dent.
778 1060 841 1124 xix.
866 1062 917 1124 15.
963 1059 1111 1126 Quorum
1140 1079 1200 1141 ego
1228 1057 1264 1120 in

164 1173 300 1227 nurnero
328 1162 596 1245 (testimoniorum
619 1163 702 1246 dico)
724 1163 952 1248 jusjurandum
973 1183 1058 1245 pono
1069 1186 1079 1238 ;
1103 1168 1136 1224 et
1157 1161 1265 1244 ipsum

164 1261 356 1346 ἀντιλογιῶν
376 1263 485 1352 πέρας,
510 1266 575 1331 sive
600 1267 649 1349 (ut
670 1267 858 1350 loquuntur)
878 1267 944 1328 litis
967 1265 1159 1343 decisoriam,
1178 1263 1262 1327 Heb.

163 1389 193 1431 v.
211 1369 261 1431 16.
307 1368 524 1454 Jurisjurandi
547 1377 655 1433 autem
677 1391 717 1433 ex
737 1369 838 1434 veteri
853 1389 975 1433 canone
1003 1367 1135 1431 Hebraei
1155 1373 1264 1450 partes

165 1470 254 1549 duas,
270 1491 335 1550 seu,
351 1471 443 1535 malit
459 1472 538 1555 quis,
555 1493 674 1556 genera
688 1473 762 1551 duo,
778 1472 890 1536 fecere.

210 1573 355 1638 Priorem
381 1574 499 1656 i'twr't
519 1575 700 1656 mffiffl,
722 1576 757 1639 id
780 1582 840 1655 est,
866 1576 1030 1640 solennem
1056 1573 1264 1638 contestatio·

164 1697 249 1755 nem,
271 1699 335 1760 qua
350 1678 420 1761 quis
436 1679 571 1742 aliorum
586 1679 714 1743 defectu
728 1679 871 1757 testium,
889 1679 953 1743 sive
969 1677 1024 1761 qui
1045 1699 1111 1741 non
1128 1676 1264 1761 possint,

165 1777 231 1841 sive
246 1778 302 1860 qui
314 1778 430 1857 nolint,
445 1776 667 1844 testimonium
681 1780 784 1857 ferre3
809 1781 916 1844 Deum
930 1780 1037 1863 ipsum
1051 1778 1171 1862 ubique
1183 1786 1217 1842 et
1230 1779 1265 1842 in

164 1880 315 1944 omnibus
328 1890 530 1965 praesentem,
547 1905 584 1947 ac
602 1885 657 1968 jus
672 1884 765 1948 testis
780 1883 963 1961 habentem,
979 1888 1097 1946 testem
1113 1881 1264 1945 advocate

171 1983 256 2046 Vaoit
270 1983 419 2063 Jetovah,
436 2005 540 2048 coram
556 2007 615 2067 quo
632 1987 748 2068 loquor,
766 1986 1009 2050 contestationis
1022 1985 1169 2064 formula,
1186 1986 1207 2047 J
1210 1984 1263 2048 ud.

164 2087 230 2152 viii.
242 2090 293 2153 19.
338 2089 552 2153 Posteriorem
574 2110 650 2154 vero
675 2062 793 2160 Ubtbff
820 2093 995 2172 natzar,
1020 2084 1136 2169 idest,
1160 2089 1263 2152 diram

165 2191 408 2271 execrationem,
424 2213 488 2274 qua
510 2191 581 2276 quis
601 2193 828 2257 contestationi
841 2211 917 2257 suae
938 2193 1035 2256 fidem
1049 2192 1135 2271 facit,
1151 2192 1263 2275 oppig-

164 2301 279 2358 norata
293 2296 383 2378 quasi
398 2295 499 2359 salute
520 2315 587 2374 sua,
602 2303 636 2360 et
651 2295 806 2375 abdicato,
822 2295 975 2380 quicquid
997 2295 1059 2358 sibi
1072 2296 1108 2358 in
1123 2296 1193 2358 Deo
1208 2301 1264 2357 aut

165 2397 242 2481 spei,
259 2406 315 2461 aut
328 2399 439 2462 tutelae
454 2406 523 2477 e'st3
547 2399 574 2462 si
594 2399 667 2462 falsi
687 2404 804 2462 testem
822 2398 945 2462 fecerit.
991 2398 1046 2461 Sic
1065 2396 1174 2478 faciat
1188 2398 1265 2458 mibi

164 2501 327 2578 Dominus,
344 2507 375 2563 et
393 2502 440 2564 sic
461 2502 581 2564 addat:
605 2501 816 2565 execrationis
830 2501 978 2580 formula,
996 2505 1013 2564 1
1028 2502 1114 2564 Sam.
1130 2500 1192 2563 xiv.
1209 2503 1263 2563 44.

164 2603 280 2687 Neque
294 2625 369 2668 vero
391 2604 500 2668 minus
518 2605 672 2680 interesse
686 2609 843 2686 putarunt
858 2604 1022 2687 Theologi,
1037 2624 1143 2686 neque
1157 2602 1265 2667 minus

164 2705 270 2769 teneri
281 2707 396 2785 Reum,
408 2706 473 2770 sive
488 2707 642 2770 alterutra
652 2711 773 2784 artabu,
789 2705 854 2769 sive
865 2712 1011 2789 utraque.
1034 2705 1131 2770 Addo
1145 2705 1263 2783 etiam3

166 2807 232 2872 aive
247 2815 445 2873 contestetur
461 2810 567 2874 Reum
582 2809 803 2892 Magistratus,
816 2815 872 2873 aut
887 2815 1053 2873 execretur
1067 2808 1264 2893 adjurando,

166 2911 232 2976 sive
245 2912 313 2995 ipse
329 2933 373 2991 se,
392 2913 542 2997 jurando.
587 2912 727 2980 Perinde
747 2912 835 2976 enim
852 2932 930 2990 esse,
946 2912 1002 2975 fiat
1017 2911 1089 2991 hoc,
1108 2933 1150 2975 an
1164 2911 1245 2976 illud
1253 2937 1262 2988 ;

166 3014 289 3079 levetur
315 3015 537 3099 juramentum
554 3035 664 3100 supra
690 3017 797 3080 Reum
823 3037 843 3080 a
872 3016 996 3094 Judice,
1019 3037 1062 3079 an
1090 3014 1174 3079 levet
1197 3015 1265 3098 ipse

166 3136 262 3201 snpra
290 3137 334 3182 se.
388 3117 491 3202 quue
514 3126 660 3183 constare
688 3119 801 3183 volunt
825 3126 897 3183 tum
921 3141 960 3183 ex
984 3120 1077 3182 Prov.
1101 3119 1185 3181 xxix.
1210 3119 1263 3182 24.

166 3220 291 3310 ratione
317 3217 444 3300 θέσεως,
470 3229 542 3285 tum
571 3243 610 3286 ex
636 3222 713 3286 Jud.
735 3223 810 3287 xvii.
830 3225 862 3286 2.
888 3222 1013 3286 ratione
1042 3222 1266 3306 hypotheseos.

167 3323 291 3388 Verum
312 3322 353 3386 lis
362 3323 437 3404 ,ista
452 3323 548 3387 aliam
562 3324 598 3387 in
611 3324 704 3388 litem
717 3324 875 3402 incurrit;
898 3345 965 3388 non
978 3344 1171 3409 prosequor:
1193 3344 1265 3405 pro-

168 3446 285 3510 sequor
300 3425 387 3509 quod
400 3425 539 3505 institui,
556 3427 596 3490 de
611 3426 820 3510 argumentis.
1135 3431 1138 3437 ’

210 3529 287 3592 Jam
315 3549 390 3592 vero
417 3528 526 3593 Judici
555 3551 575 3592 a
603 3530 674 3594 Deo
699 3535 841 3612 potestas
863 3528 958 3608 facta,
985 3534 1057 3592 turn
1081 3527 1267 3611 inquirendi
1383 3570 1389 3582 .

168 3629 311 3694 criminis
331 3638 532 3715 argumenta,
548 3637 621 3695 tum
641 3631 764 3695 citandi
782 3630 986 3694 testimonia:
1008 3638 1081 3694 tum
1103 3630 1267 3695 deferendi

164 3733 359 3818 juramenta,
374 3733 472 3818 idque
487 3735 529 3798 ad
543 3755 647 3798 causae
661 3731 858 3812 βεβαιώσεις
872 3732 1076 3817 colligendas.
1122 3735 1269 3798 Potestas

166 3835 222 3900 illa
236 3837 284 3916 fit,
300 3837 400 3901 Dent.
412 3836 478 3901 xiii.
490 3840 542 3902 14.
565 3837 716 3922 Inquires
731 3836 848 3921 (inquit
859 3837 961 3919 Deus)
978 3833 1074 3919 idque
1088 3836 1123 3899 in
1139 3857 1266 3920 genere,

166 3938 271 4023 primo
296 3939 459 4008 ΠΨἾῬ.
505 3940 607 4024 Cujus
637 3940 717 4004 duas
741 3939 860 4025 species
891 3938 1068 4023 subjungit.
1114 3939 1267 4017 Primam,

169 4040 320 4133 fibpi'tb,
344 4041 463 4120 idest,
488 4043 710 4126 Investigabis,
734 4043 854 4106 indicio
877 4062 993 4125 nempe
1018 4048 1052 4105 et
1075 4047 1271 4125 aryumeata,

171 4144 362 4222 Secundam,
387 4116 515 4214 libbi&
526 4154 547 4223 ⁰,
578 4144 612 4208 id
628 4152 686 4225 est,
701 4144 924 4229 interrogabis,
941 4150 1041 4208 testes
1056 4145 1218 4225 nimirum,
1234 4151 1269 4208 et

169 4247 224 4330 qui
240 4269 348 4312 rerum
364 4253 527 4330 gestarum
542 4250 662 4316 conscii
676 4250 814 4315 fixerant.

333 4373 345 4405 ³
363 4364 492 4414 Shebuath
502 4365 589 4417 baeda
903 4363 916 4399 b
934 4365 1067 4417 charano.

333 4441 344 4525 ζ
361 4427 492 4544 {mapali
502 4430 582 4481 hasla.
624 4462 627 4467 -
905 4439 915 4462 ⁰
932 4432 1041 4482 Shaalta
