2970 4914
272 264 315 326 24
653 280 770 329 concio
792 281 835 330 ao
857 280 988 330 amaon

270 434 418 500 obstricti
430 441 594 500 tenentur.
639 439 718 501 Non
735 437 770 502 id
788 439 844 515 ita,
867 445 906 502 ut
927 437 1037 502 statim
1052 445 1198 522 pereant,
1215 437 1271 504 sed
1291 429 1369 524 epu-

269 541 379 604 lentur
388 542 554 604 vermiculo
567 563 633 621 suo,
644 541 746 606 donec
757 549 863 606 totum
876 543 1131 627 absumpserint:
1152 549 1269 607 etcum
1281 543 1369 606 abire

269 645 389 721 volent,
406 645 546 708 sentient
561 647 659 708 teneri
672 667 706 709 ae
720 647 843 729 peccati
850 645 1013 728 filaiealis,
1035 648 1083 730 (ut
1098 667 1167 730 cap.
1177 669 1206 711 v.
1222 668 1288 710 ver.
1298 648 1364 729 22.)

269 747 383 810 mortis
398 749 525 829 laqueis,
547 749 642 831 (Psal.
659 750 775 832 cxviii.)
778 799 787 828 ,
805 756 838 812 et
852 750 1021 828 ludiciam,
1038 749 1123 833 quod
1139 750 1286 832 protinus
1301 770 1370 813 non

269 850 374 928 irruit,
398 851 455 913 sed
476 871 543 934 prae
564 851 687 915 foribus
709 840 855 931 excubat,
871 874 939 916 non
962 873 1030 916 esse
1051 853 1146 916 nihili
1165 852 1367 916 faciendum:

268 944 454 1016 Venturum
463 953 549 1016 enim
557 955 691 1018 tandem
700 945 868 1036 Aacapem,
879 956 1054 1018 certissime
1064 961 1247 1034 venturum,
1260 955 1370 1018 etaai·

268 1048 351 1116 mam
372 1055 418 1118 sic
435 1057 638 1137 illaqueatam
652 1056 682 1120 ei
696 1057 838 1140 praedam
852 1059 1018 1137 futuram:
1040 1050 1187 1122 Praedam
1205 1049 1364 1144 (inquam)

268 1158 418 1236 Democri,
446 1159 498 1223 cui
520 1160 618 1238 Deus,
643 1170 676 1223 et
701 1181 771 1243 quae
794 1161 858 1224 Dei
881 1168 966 1240 sunt,
989 1161 1080 1245 prius
1103 1162 1213 1246 praeda
1235 1161 1368 1240 fuerint,

264 1261 446 1345 justissimo
457 1263 601 1346 judicio:
629 1263 688 1334 Qai
704 1268 734 1326 le
749 1264 911 1344 diripiant,
928 1265 1116 1345 diripientur
1124 1263 1149 1328 ¹¹.

311 1355 492 1428 Monstravi
507 1367 658 1446 laqueum.
702 1366 737 1428 Is
756 1373 864 1430 autem
881 1340 993 1440 0585
1011 1367 1147 1431 Homini
1168 1367 1291 1450 positus
1308 1373 1366 1446 est,

267 1475 339 1530 tum
353 1467 415 1549 ipsi
426 1468 481 1550 qui
489 1474 611 1548 peccat,
627 1476 699 1531 tum
714 1468 782 1532 aliis
797 1475 927 1552 propter
941 1471 1056 1552 ipsum.
1091 1471 1140 1533 Ea
1151 1470 1237 1533 enim
1252 1476 1370 1533 natura

261 1572 388 1651 peccati
403 1571 510 1654 hujus,
526 1577 563 1633 ut
577 1571 613 1633 in
625 1577 731 1634 castra
738 1571 888 1635 universa
902 1572 1074 1655 pertingat,
1085 1579 1123 1636 ut
1135 1567 1250 1636 vallem
1259 1573 1369 1636 Achor

267 1673 384 1737 efficiat
409 1673 599 1755 Reipublicae
624 1674 789 1738 universae.
838 1676 889 1738 De
926 1677 1087 1757 Sacrileqo
1116 1672 1195 1758 ipso'
1219 1675 1367 1754 diximus,

256 1762 402 1859 ¹pessime
425 1775 510 1839 istuc
534 1777 700 1840 consulere
725 1777 761 1840 in
784 1797 851 1840 rem
875 1797 963 1839 soom
988 1777 1190 1855 familiarem,
1214 1777 1368 1860 inquam

267 1880 565 1943 anattemattzatum
593 1879 675 1943 illud
703 1875 830 1943 lucrum
854 1880 989 1958 invehit,
1018 1887 1057 1944 ut
1081 1880 1286 1943 arrhabonem
1311 1881 1367 1943 τοῦ

206 2062 211 2073 Ι
265 1979 449 2069 δυστυχεῖν.
495 1982 637 2046 Omnino
661 1983 799 2047 exedent
827 1983 967 2046 fundum
988 1983 1166 2047 loculorum
1188 2004 1239 2046 res
1259 2004 1367 2062 sacra,

265 2085 302 2147 in
332 2107 411 2168 quos
441 2085 618 2164 abduntur,
642 2092 675 2149 et
701 2093 849 2170 pertusos
878 2087 1026 2150 reddent.
1071 2087 1161 2170 Ager
1191 2086 1244 2149 hic
1274 2106 1367 2170 agros

264 2188 405 2270 reliquos
435 2189 555 2252 afflabit
584 2190 732 2252 acediae:
767 2190 910 2272 supellex
939 2190 1003 2253 ista
1031 2189 1142 2253 tabem
1170 2189 1303 2252 inducet
1332 2189 1368 2253 in

264 2291 423 2374 reliquam
437 2293 674 2372 ‚supellectilem
720 2293 769 2356 Ea
791 2315 888 2376 poena
908 2299 957 2356 est
980 2290 1130 2375 Aggaeii.
1176 2292 1316 2355 Pessime
1331 2292 1368 2355 in

265 2396 395 2473 calmas,
413 2417 491 2478 quas
508 2396 628 2458 Satana
642 2396 785 2479 opplent,
803 2396 858 2479 qui
872 2396 944 2459 illos
959 2395 1094 2460 involvit
1110 2397 1217 2476 laqueo
1232 2395 1367 2478 inexpli-

264 2498 369 2577 cabili,
385 2506 526 2563 reservat
542 2499 667 2562 Jadicio
682 2498 888 2564 intolerabili.

308 2601 423 2665 Dicam
445 2603 556 2685 paucis
572 2602 612 2665 de
631 2602 811 2684 Republica,
833 2602 936 2686 deque
950 2603 1105 2666 Ecclesia.
1158 2601 1226 2665 Ubi
1248 2601 1366 2665 admis-

264 2726 336 2767 sum
348 2712 407 2782 est,
418 2705 615 2786 Reipublicae,
631 2713 762 2789 propter
779 2706 929 2769 devorata
943 2727 1077 2784 sacrae
1092 2705 1162 2768 Deo
1171 2703 1367 2768 Deaoralork

262 2807 468 2872 immittitur:
494 2809 567 2872 Sive
589 2809 617 2871 is
639 2810 784 2871 Brucla:
806 2816 865 2888 est,
890 2809 954 2873 sive
976 2811 1113 2872 leomiaes
1135 2809 1261 2871 Brucla
1277 2808 1365 2871 dete·

262 2909 371 2973 riores.
418 2911 502 2974 Cum
517 2911 643 2994 direpta
661 2931 755 2974 sacra
777 2912 945 2994 aRepibas
959 2912 1100 2988 israelis,
1119 2932 1187 2975 non
1204 2917 1273 2974 erat
1292 2933 1364 2994 pax,

263 3012 319 3076 sed
334 3013 517 3077 vexationes
539 3014 651 3077 multae
666 3014 799 3078 exeunti
813 3022 847 3078 et
866 3015 1034 3079 redeunti:
1052 3013 1149 3081 Quod
1169 3014 1365 3077 sustulerant

262 3137 281 3178 a
308 3117 439 3197 Templo,
467 3117 569 3180 coacti
598 3117 785 3200 impendere
815 3117 854 3182 in¹
873 3118 1028 3182 Lomeslaa
1054 3123 1236 3181 castrenses.
1281 3119 1364 3181 Cum

247 3218 386 3302 'direpta
401 3223 505 3286 Sacra
526 3241 544 3282 a
564 3221 758 3283 Presidilaa
773 3222 1024 3299 Prouincialium,
1039 3219 1216 3303 Augustini
1236 3221 1362 3299 saeculo,

259 3343 326 3385 non
353 3329 402 3385 est
427 3321 548 3385 ditatus
577 3323 715 3405 populus
738 3323 811 3388 ille:
838 3325 933 3392 Quod
958 3324 1156 3388 sustulerant
1183 3345 1202 3386 a
1228 3324 1362 3404 Templo,

260 3425 364 3488 coacti
385 3425 572 3508 impendere
591 3425 627 3488 in
641 3426 796 3489 Locaalas
809 3425 965 3509 faramea.
989 3427 1074 3493 Quia
1089 3426 1227 3490 decessit
1243 3427 1363 3490 devotio

260 3529 331 3607 Dei,
365 3528 498 3592 accessit
530 3529 662 3591 indictio
694 3528 769 3610 fisci
783 3528 801 3593 ¹.
845 3531 1024 3594 Decorator
1052 3530 1241 3593 immittitur
1273 3531 1362 3593 deac-

259 3633 356 3710 raati,
385 3633 437 3696 vel
465 3632 623 3715 manipuli
652 3633 795 3695 Militum
809 3643 840 3712 ³¹,
869 3635 920 3697 vel
952 3654 1086 3696 examen
1116 3634 1361 3697 Causidicoram.

258 3737 404 3818 Laqueus
425 3738 496 3814 erit,
518 3737 748 3818 loquetaejaris,
771 3739 899 3818 laqueos
915 3736 1000 3817 fisci,
1022 3739 1149 3818 laqueos
1171 3736 1242 3798 belli
1248 3762 1259 3809 ;
1284 3737 1362 3800 Om-

258 3838 337 3901 nino
358 3841 482 3920 laqaeoa
503 3839 593 3922 pluet
612 3839 647 3900 in
669 3845 799 3921 gentem
820 3839 911 3902 illam
926 3838 1097 3902 Dominus.

303 3942 354 4005 De
379 3943 524 4005 Ecclesia
550 3943 620 4027 jam
649 3942 769 4026 paucis.
814 3941 867 4005 Ibi
890 3963 974 4020 vero,
999 3943 1197 4005 comeaeris
1220 3941 1362 4006 obsoniis

290 4121 303 4157 θ
318 4120 369 4169 Jer.
381 4136 442 4169 xxx.
452 4122 491 4172 16.
826 4119 881 4180 Dei,
900 4118 1004 4168 accessit
1024 4118 1132 4168 indictio
1146 4119 1362 4171 fisci.”—Pseud0·

290 4185 298 4220 ²
321 4185 427 4246 [Agg.i.
440 4184 473 4248 6.]
826 4185 934 4245 August.
957 4183 1035 4232 Serm.
1059 4183 1156 4232 lxxxvi.
1191 4184 1233 4245 (ai.
1262 4185 1359 4236 Homil.

289 4249 302 4286 ¹¹
320 4250 379 4298 Mal.
392 4250 430 4298 iii.
441 4251 480 4297 11.
825 4249 916 4312 xlviii.)
935 4250 947 4308 i
960 4250 982 4297 3.
994 4248 1062 4310 apud
1078 4248 1102 4296 S.
1112 4247 1178 4310 Aug.
1199 4249 1254 4312 Op,
1267 4254 1359 4300 tama.

291 4313 298 4346 ¹
317 4315 348 4378 [“
358 4313 466 4376 Majores
483 4313 565 4361 nostri
581 4312 638 4362 ideo
650 4313 729 4376 copiis
741 4327 792 4361 om·
825 4312 941 4376 Append.
954 4313 1001 4361 eol.
1013 4315 1084 4362 2550.
1098 4311 1138 4375 B.]

257 4379 333 4428 nibus
350 4377 520 4437 abundabant,
536 4377 596 4441 quia
612 4378 665 4427 Deo
682 4378 793 4426 decimas
857 4385 873 4408 ²¹¹
887 4377 1005 4490 g‘Dabis
1018 4377 1099 4439 impio
1116 4377 1204 4435 militi,
1221 4379 1288 4440 quod
1308 4395 1359 4429 nou

258 4444 359 4501 dabant,
380 4447 406 4492 et
419 4441 513 4492 Caesari
529 4456 631 4490 censum
644 4441 790 4491 reddebant.
824 4441 863 4491 vis
905 4455 946 4490 are
967 4441 1359 4506 sacerdoti.”—Pseudodugust.

258 4508 335 4560 Modo
362 4511 447 4557 autem
470 4507 529 4570 quia
551 4505 667 4556 discessit
690 4505 790 4555 devotio
824 4506 903 4557 Serm.
915 4505 1031 4556 cclxxvii.
1045 4511 1056 4568 §
1067 4509 1089 4555 2.
1100 4506 1163 4556 ibid.
1175 4507 1220 4556 col.
1231 4509 1303 4557 3091.
1316 4508 1359 4571 A.]
