2970 4914
254 276 320 337 194
658 288 810 335 urrsmua
831 287 946 335 raama

249 443 333 506 male
359 443 437 506 vult.
483 442 595 520 Addis,
621 443 733 506 Patres
756 442 869 505 iisdem
893 443 980 519 locis,
1002 440 1118 523 quibus
1142 440 1262 504 docent
1286 441 1360 503 haec
1469 410 1474 483 i

249 546 380 611 nomina
402 545 515 610 eodem
543 566 638 608 sensu
661 545 770 629 accipi,
790 544 984 609 medicinam
1006 544 1116 607 statim
1140 543 1307 622 adhibere,
1325 551 1359 608 et

249 649 376 727 addere,
401 649 435 712 id
458 656 570 732 postea
594 670 685 712 secus
709 649 840 727 sactum,
864 655 897 712 et
920 648 1061 726 nomina,
1084 654 1178 710 utet
1203 669 1356 725 munera,

248 753 357 832 fuisse,
374 759 407 816 et
422 774 490 817 esse
506 753 668 816 distincta.

292 858 324 919 2.
344 857 408 920 Hic
420 856 501 919 mihi
510 856 660 939 perfacile
672 863 720 919 est
731 856 792 919 tibi
803 855 899 918 fidem
909 855 1023 933 facere,
1036 854 1178 917 noluisse
1189 875 1242 917 me
1252 856 1357 937 passi-

248 960 347 1023 vitate
362 981 477 1024 vocum
493 960 533 1023 ad
548 959 770 1023 confusionem
785 980 956 1022 munerum
971 958 1071 1021 abuti.
1116 957 1243 1020 Ibidem
1265 959 1356 1021 enim

248 1063 357 1126 statim
374 1062 510 1125 adhibeo
525 1063 661 1126 eandem
672 1061 877 1138 medicinam,
889 1083 984 1144 quam
995 1059 1158 1123 veredicis
1172 1061 1357 1124 aPatribus
1374 1090 1377 1095 ·

248 1165 436 1228 adhibitam.
483 1164 625 1248 Subjicio
652 1163 771 1228 eniml.
819 1165 937 1228 Statim
959 1169 1032 1247 post
1052 1170 1198 1245 tempora
1212 1164 1358 1246 Aposto-

248 1267 364 1345 lorum,
382 1267 550 1330 autetiam
567 1288 678 1330 eorum
701 1273 856 1350 tempore,
872 1273 909 1330 ut
929 1272 1068 1330 testatur
1089 1266 1225 1330 historia
1239 1268 1356 1330 Eccle-

249 1370 387 1446 siastico,
410 1371 623 1434 constitutum
643 1377 703 1449 est,
719 1376 756 1432 ut
772 1371 808 1432 in
822 1391 889 1432 una
911 1370 991 1432 urbe
1005 1391 1092 1432 unus
1113 1369 1199 1432 inter
1218 1376 1356 1434 caeteros

249 1473 458 1556 Presbyteros
472 1473 650 1555 Episcopus
665 1480 842 1551 vocaretur,
859 1473 914 1555 qui
929 1472 965 1534 in
981 1494 1053 1535 suas
1068 1472 1204 1554 collegas
1219 1472 1357 1537 haberet
1468 1494 1471 1499 ·

249 1574 534 1657 praeeminentiam,
547 1575 586 1637 ad
597 1575 761 1638 vitandam
776 1575 1005 1652 confusionem,
1017 1596 1088 1657 quae
1100 1595 1182 1657 saepe
1194 1595 1233 1638 ex
1244 1597 1353 1658 aequa·

248 1677 340 1740 litate
362 1677 515 1744 nascitur.
560 1679 604 1741 Et
628 1678 713 1740 hanc
740 1678 868 1760 quidem
891 1678 1055 1760 regiminis
1078 1677 1214 1741 formam
1237 1699 1353 1742 omnes

248 1779 367 1862 ubique
384 1779 535 1842 Ecclesiae
549 1786 747 1862 receperunt.
795 1781 875 1844 Haec
898 1787 973 1844 sunt
993 1781 1151 1864 ipsissima
1166 1781 1264 1844 verba·
1277 1803 1354 1846 mea

249 1882 369 1945 ibidem
384 1882 517 1965 adjecta,
536 1905 606 1966 quae
622 1883 835 1964 suspicionem
849 1883 937 1946 illam
958 1891 1049 1946 tuam
1064 1883 1192 1947 abunde
1208 1883 1351 1950 diluunt.

250 1987 362 2068 Egone
386 1986 468 2048 male
490 1986 604 2049 vellem
627 1985 732 2048 ordini
753 1993 868 2064 vestm,
892 1986 932 2049 de
955 2008 1018 2068 quo
1039 2008 1207 2069 nunquam
1221 1987 1352 2050 locutus

250 2109 322 2151 sum
346 2088 415 2151 sine
440 2089 571 2164 honore,
595 2093 708 2170 utpote
734 2088 789 2171 qui
813 2088 877 2152 scio
902 2089 1167 2152 instaurationem
1197 2090 1353 2154 Ecclesiae

250 2192 447 2274 Anglicanae,
472 2199 504 2255 et
534 2191 730 2255 eversionem
760 2192 911 2275 Papismi,
941 2200 1013 2275 post
1043 2192 1150 2256 Deum
1173 2200 1205 2256 et
1233 2195 1352 2277 Reges,

250 2296 360 2360 deberi
374 2295 531 2378 praecipue
542 2296 773 2379 Episcoporum
789 2295 944 2360 doctrinae
959 2303 992 2359 et
1006 2297 1188 2360 industriae:
1213 2319 1353 2380 quorum

251 2398 347 2462 etiam
359 2397 505 2461 nonnulli
521 2397 675 2481 martyrio
687 2398 843 2476 coronati,
853 2399 1010 2480 sanguine
1022 2420 1079 2462 suo
1094 2399 1353 2482 subscripserunt

251 2501 451 2584 Evangelio?
498 2501 644 2567 Quorum
670 2500 824 2564 habemus
845 2501 962 2583 scripta
985 2509 1017 2564 et
1038 2502 1243 2565 meminimus
1261 2511 1354 2586 gesta

252 2623 288 2665 ac
309 2604 422 2681 zelum,
439 2603 528 2666 nulla
550 2624 588 2666 ex
610 2609 700 2686 parte
722 2602 906 2666 inferiorem
929 2604 996 2667 uelo
1016 2605 1354 2686 praestantissimorum

252 2705 313 2768 Dei
338 2727 511 2783 servorum,
544 2727 622 2788 quos
647 2705 754 2768 Gallia
777 2705 826 2768 vel
852 2706 1025 2769 Germania
1047 2707 1149 2770 tulit?
1196 2709 1270 2772 Hoc
1296 2711 1354 2792 qui

251 2816 358 2890 negat,
375 2814 510 2890 oportet,
526 2808 576 2870 vel
591 2808 634 2870 sit
648 2807 792 2890 improbe
803 2829 921 2887 vecors,
938 2809 987 2872 vel
1008 2809 1070 2873 Dei
1090 2811 1200 2892 gloriae
1213 2811 1353 2890 invidus,

252 2911 302 2972 vel
325 2911 489 2973 cerebrosa
511 2909 684 2972 stoliditate
701 2916 833 2992 stupens
849 2911 966 2993 caliget
980 2912 1016 2974 in
1031 2912 1116 2976 clara
1136 2914 1217 2977 luce.
1254 2914 1354 2979 Hanc
1471 2938 1475 2943 ·

252 3012 351 3093 igitur
368 3011 581 3093 suspicionem
598 3033 616 3073 a
630 3032 683 3074 me
705 3019 845 3075 amotam
860 3014 948 3077 volo:
973 3015 1115 3079 Maxime
1137 3037 1210 3080 cum
1226 3017 1353 3081 videam

254 3113 423 3176 Calvinum
438 3113 542 3194 ipsum
554 3119 587 3174 et
599 3115 726 3190 Bezam,
737 3135 816 3195 quos
831 3115 935 3178 solent
947 3117 1076 3198 quidem
1092 3139 1157 3180 suae
1167 3120 1354 3202 pervicaciae

254 3214 438 3292 obtendere,
465 3214 582 3277 multas
606 3215 766 3297 scripsisse
796 3217 954 3300 Epistolas
978 3221 1018 3283 ad
1039 3223 1194 3286 Praesules
1214 3224 1352 3306 Angliae,

255 3339 370 3400 eosque
385 3317 476 3380 affari
490 3324 528 3379 ut
542 3316 654 3380 fideles
668 3318 731 3382 Dei
746 3339 861 3398 servos,
877 3327 910 3382 et
924 3320 1006 3384 bene
1026 3324 1158 3387 meritos
1181 3325 1221 3388 de
1240 3327 1353 3390 Eccle-

255 3421 309 3483 sia
355 3420 426 3483 Nec
451 3442 521 3483 sum
539 3441 639 3502 usque
663 3419 742 3483 adeo
765 3421 828 3484 oris
850 3423 932 3501 duri,
953 3432 990 3487 ut
1009 3426 1104 3489 velim
1124 3427 1274 3491 adversus
1297 3430 1355 3493 illa

255 3523 371 3588 veteris
386 3522 537 3586 Ecclesiae
551 3523 683 3602 lumina,
709 3524 885 3606 Ignatium,
903 3526 1125 3611 Polycarpum,
1143 3531 1351 3613 Cyprianum,

172 3688 174 3692 .
255 3627 484 3711 Augustinum,
496 3626 771 3709 Chrysostomum,
784 3627 950 3706 Basilium,
962 3630 1142 3712 Gregorios,
1156 3634 1351 3716 Nyssenum,

256 3737 289 3793 et
318 3729 569 3815 Nazianzenum,
597 3728 781 3812 Episcopos,
802 3731 885 3793 ferre
912 3734 1115 3811 sententiam,
1141 3743 1179 3798 ut
1203 3737 1354 3801 adversus

255 3833 402 3896 homines
416 3831 496 3894 vitio
518 3837 649 3907 creatos,
665 3831 716 3893 vel
738 3840 943 3914 usurpatores
958 3837 1101 3899 muneris
1116 3837 1230 3901 illiciti.
1276 3841 1355 3903 Plus

256 3955 381 4017 semper
397 3934 481 4018 apud
497 3955 548 3996 me
563 3934 681 4016 poterit
696 3935 875 3998 veneranda
893 3936 948 3998 illa
970 3938 1147 4019 primorum
1163 3941 1353 4006 saeculorum

256 4035 438 4117 antiquitas,
456 4057 551 4118 quam
568 4035 693 4098 novella
707 4038 897 4120 cujusquam
911 4038 1084 4104 institutio.

300 4137 348 4199 ΙΙ.
365 4138 469 4200 Venio
481 4138 522 4200 ad
532 4139 669 4202 alterum
681 4145 776 4221 caput
785 4146 850 4202 tuae
861 4161 1011 4205 censurae.
1047 4144 1123 4207 Dixi
1132 4145 1270 4209 eundem
1285 4168 1355 4210 esse

257 4238 401 4301 ordinem
416 4239 566 4321 Episcopi
580 4247 613 4302 et
629 4240 820 4324 Presbyteri.
859 4243 908 4304 ru
923 4251 1035 4307 contra
1049 4246 1148 4310 alium
1160 4269 1229 4310 esse
1244 4269 1356 4312 censes

287 4387 298 4418 ¹³
316 4387 387 4436 Libri
404 4387 435 4436 de
452 4388 557 4436 Munere
575 4389 705 4450 Pastorali,
723 4405 764 4454 pp.
777 4393 815 4439 20.
833 4395 858 4441 et
870 4394 908 4442 21.
928 4393 976 4457 [De
993 4395 1018 4444 la
1027 4395 1152 4445 Vocation
1168 4396 1212 4446 des
1229 4397 1355 4460 Pasleurs,

254 4453 297 4502 liv.
309 4452 409 4518 ichap.
422 4453 444 4501 4.
456 4467 480 4516 p.
489 4455 527 4500 19.
540 4451 622 4501 Sedan
634 4454 721 4519 lala]
