2970 4914
484 272 544 320 rao
566 273 675 321 onanu
697 274 859 322 nocroms.
1179 266 1221 329 23

123 424 258 489 Dicetur
273 427 328 507 sie,
344 436 468 492 mortrui
487 431 557 514 jam
579 453 647 496 non
667 453 744 495 esse.
791 433 910 512 Tertio,
928 435 1012 499 Cum
1027 442 1142 499 morire
1155 458 1222 503 non

123 530 200 608 sint,
216 552 283 593 non
300 532 368 604 sine
384 535 474 616 gravi
488 536 603 598 sceiere
618 536 760 610 detineri,
776 558 843 599 non
859 537 927 600 sine
942 538 1220 623 graviori-mrripi.

124 632 259 713 Quarto,
277 635 342 700 Qui
367 637 555 701 alterutrum
578 637 699 716 fecerit,
722 639 795 702 ideo
812 639 925 718 facere,
950 642 1037 723 quod
1059 641 1145 706 illius
1168 665 1223 708 eor

123 735 183 798 Set
170 741 262 798 tomos
284 741 357 819 oppi
356 739 472 803 ereritb
476 741 647 823 ;(Suerii
646 743 694 823 eyi
721 763 797 824 ergo
822 743 925 807 nostri
951 745 1010 807 Set
998 751 1078 808 tuae
1106 747 1218 830 pleni.)

124 839 257 919 Quinto,
279 842 387 906 Morte
409 843 470 907 hoe
497 865 598 927 genus
621 845 789 909 hominum
809 847 1041 928 mulctandum,
1061 871 1128 913 non
1152 871 1220 914 eea·

121 945 206 1006 raris
229 946 409 1010 notandum
429 968 507 1011 esse.
558 950 666 1026 Sexto,
686 951 793 1013 Morte
817 956 924 1014 autem
949 958 1021 1023 tum
1043 954 1220 1034 improvisu,

122 1066 164 1109 ne
187 1046 276 1111 loeus
306 1049 349 1112 sit
379 1049 454 1114 huie
478 1057 571 1115 tauto
600 1054 710 1116 sceleri
739 1055 914 1134 eripiendo:
951 1055 1107 1138 Septimo,
1138 1058 1222 1121 Tum

122 1151 241 1213 eoelitm
263 1151 412 1231 immissu,
438 1175 501 1236 quo
523 1154 608 1224 facto
629 1156 717 1218 Deus
740 1177 807 1219 sese
830 1156 967 1219 Ultorem
989 1158 1086 1242 hujus
1101 1161 1224 1242 fluqitii

123 1254 213 1334 quasi
228 1254 268 1317 de
283 1256 364 1319 ooelo
379 1257 643 1340 conspiciendum
657 1258 806 1342 praebuit.

165 1357 357 1440 Erma'qeiieo
380 1360 449 1424 haeo
476 1368 551 1424 sunt
570 1363 697 1444 (Patres
721 1369 754 1426 et
775 1363 942 1446 Fratres).·
966 1365 1080 1429 Nihilo
1105 1365 1142 1428 in
1165 1366 1242 1430 hos.

121 1458 267 1524 homines
291 1462 401 1526 mitius
419 1464 634 1546 Euemeriam,
660 1465 857 1548 quamLere.
902 1466 950 1529 Et
968 1467 1141 1549 Eruayelio
1163 1468 1224 1551 ipsi

120 1565 195 1629 vitae
217 1566 375 1645 ministro,
390 1567 536 1648 Laqueus
559 1590 646 1646 suus,
672 1571 799 1650 iaqueus
820 1569 940 1647 mortio,
960 1569 1008 1631 illi
1027 1569 1161 1649 homini,
1176 1570 1224 1633 illi

121 1669 334 1749 eonscientiae,
351 1672 413 1750 eui,
430 1693 501 1755 quae
522 1674 696 1755 Reiiyiomie
719 1680 805 1751 sunt,
830 1673 1000 1754 ubliyurire
1020 1675 1131 1756 reiiqio
1157 1695 1224 1737 non

122 1781 183 1838 est.

165 1878 290 1942 Verum
316 1879 404 1943 enim
429 1901 525 1963 quam
551 1880 663 1945 multis
685 1881 857 1962 Suemleqis
878 1879 961 1943 nihil
982 1880 1047 1943 tale
1070 1881 1224 1945 obvenit?

121 1981 194 2044 Nee
216 1982 302 2045 enim
324 1985 447 2048 soleam
467 1990 527 2063 est,
548 1991 604 2048 aut
624 1990 826 2068 perpetuum,
844 1983 929 2066 quod
949 1984 1068 2046 Sceleri
1087 1985 1226 2064 mrqeati

120 2084 288 2168 infligitur.
333 2087 404 2151 Nee
419 2089 480 2152 hoo
497 2088 575 2152 dicit
593 2088 756 2166 Salomon,
771 2108 824 2150 eos
840 2083 890 2150 ἐπ’
906 2083 1105 2171 αὐτοφώρῳο
1121 2087 1226 2171 oppri-

121 2183 274 2248 mendos:
300 2185 364 2248 Sed
388 2187 473 2268 quod
497 2188 585 2269 dicit,
607 2193 730 2254 eoiemm
753 2198 811 2269 est,
834 2211 897 2254 nec
919 2190 1002 2253 fallit
1025 2192 1225 2274 exemplum:

120 2288 155 2351 id
170 2297 229 2368 est,
242 2297 280 2353 ut
294 2296 332 2353 ut
347 2291 444 2354 iurem
458 2290 624 2375 effugiant,
640 2316 707 2357 non
723 2293 880 2375 effugient
894 2301 1025 2371 tamen3
1043 2295 1227 2383 prehendet

122 2413 176 2456 eos
193 2395 336 2457 caleaneo
353 2394 533 2457 Salomonis
552 2397 688 2476 iaqueus.
726 2397 887 2476 Laqueum
911 2397 998 2458 enim
1019 2396 1107 2474 dicit,
1132 2417 1227 2459 uum-

115 2498 227 2576 portis
247 2498 398 2578 laqueum,
423 2497 458 2559 in
485 2519 548 2579 quo
577 2520 644 2562 non
669 2497 780 2560 statim
803 2498 977 2561 suffocatur
1000 2499 1132 2576 oricula,
1157 2520 1227 2581 quae

122 2599 280 2682 deprensa
302 2608 362 2679 est,
381 2601 461 2684 quin
476 2602 559 2682 pede
578 2609 635 2664 aut
651 2603 728 2664 colio
744 2601 876 2664 astricta
890 2601 931 2664 ad
945 2621 1111 2683 vesperam
1125 2601 1227 2664 inter·

122 2703 209 2782 dum,
233 2704 398 2768 interdum
422 2712 455 2768 et
477 2703 623 2768 diutius
614 2728 650 2768 1n
664 2705 807 2769 reditum
822 2726 925 2788 usque
941 2705 1071 2786 aucupis
1085 2725 1226 2768 asserva-

120 2812 192 2886 tur3
216 2807 305 2872 lento
321 2829 404 2892 saepe
419 2808 565 2888 interitu,
582 2815 670 2872 certo
685 2815 805 2872 tamen.

164 2910 268 2973 Credo
279 2931 335 2974 vos
345 2910 526 2990 advertisse,
540 2911 580 2974 de
585 2931 727 2993 perurere
741 2912 962 2973 sceleratorum
976 2877 1090 2973 sacras
1101 2909 1228 2972 Litteras

119 3013 217 3076 verba
230 3013 345 3090 faeere,
360 3035 428 3077 non
443 3013 556 3081 eodem
570 3014 675 3077 modo·
721 3015 777 3077 ira
797 3014 860 3077 Dei
877 3013 929 3076 vel
945 3020 993 3076 est
1008 3014 1103 3076 mimo
1119 3012 1227 3076 subito

117 3124 337 3200 prosternens,
353 3119 405 3182 vel
418 3117 509 3181 rete‘1
533 3119 672 3201 rapiens,
700 3125 733 3180 et
763 3125 836 3201 post
867 3125 995 3200 tempus
1024 3116 1224 3180 interimens.
1251 3141 1256 3149 ¹
1307 3162 1309 3167 -

119 3223 218 3306 Apud
233 3223 363 3286 Esaiam
386 3224 465 3306 (cap.
481 3221 516 3285 li.
532 3243 597 3286 ver.
614 3222 646 3305 8)
667 3227 716 3285 est
731 3222 858 3286 Securis
880 3227 1014 3304 repente
1038 3220 1224 3284 excidensss:

119 3332 179 3394 Est
189 3338 222 3394 et
234 3331 338 3394 teredo
349 3330 505 3414 paulatim
517 3326 677 3393 erodensf.
694 3327 792 3411 Apud
803 3328 945 3391 Hoseam
960 3327 1039 3409 (cap.
1047 3348 1076 3389 v.
1087 3347 1149 3389 ver.
1159 3325 1221 3406 12.)

119 3436 253 3498 Leonem
276 3435 345 3498 fore
369 3455 402 3496 se
427 3434 482 3510 ait,
505 3431 697 3515 quibusdam
719 3432 880 3493 Timeumss:
913 3431 1055 3507 Leooem,
1081 3429 1137 3511 qui
1159 3449 1228 3491 mo-

118 3547 230 3602 mento
251 3537 381 3620 diripit3
413 3538 550 3613 Timum,
573 3554 644 3616 quae
668 3533 788 3596 sensim
810 3532 952 3597 absumit
975 3539 1007 3597 et
1028 3533 1096 3594 sine
1120 3552 1226 3594 sensu.

119 3643 224 3706 Aliter
237 3640 397 3704 interimit
411 3638 598 3721 Apopiereim
615 3636 709 3699 aliter
724 3635 872 3708 Hertieu;
897 3634 954 3697 sed
968 3641 1105 3716 utraque
1117 3639 1228 3697 tamen

118 3745 296 3809 interimit:
320 3744 413 3807 aliter
430 3741 629 3827 peritioris,
646 3740 769 3802 seutiae
784 3738 942 3819 neglecta,
959 3736 1054 3799 aliter
1069 3735 1228 3798 obruente

111 3850 234 3932 siurim
259 3848 315 3911 sed
338 3855 477 3930 utroque
500 3845 593 3928 perit.
640 3842 783 3907 Celerius
806 3840 897 3904 Petri
914 3837 1039 3920 fuimerr
1060 3836 1141 3899 illud
1157 3857 1226 3900 rem

117 3947 224 4028 efficit,
240 3950 365 4013 tardius
382 3951 509 4030 iaqueus
523 3948 585 4010 iste
599 3951 731 4024 noster3
756 3945 813 4012 sed
827 3945 914 4007 idem
930 3949 1068 4024 uterque
1084 3940 1193 4004 efficit.

162 4056 276 4118 Isthuo
298 4055 334 4117 in
349 4055 522 4136 Sueriieqio
537 4053 584 4116 fit.
631 4051 782 4114 Involant
797 4051 832 4112 in
855 4069 966 4127 ereum,
983 4047 1081 4110 etiam
1106 4045 1141 4106 in
1163 4049 1229 4105 rete

118 4179 262 4242 quoque3
281 4157 336 4221 sed
349 4157 411 4220 toti
424 4155 544 4234 intenti
559 4155 595 4217 in
603 4154 756 4235 predum,
766 4152 853 4215 illius
863 4152 1056 4214 dulcedinem
1072 4138 1227 4223 sentiunt,

117 4264 215 4347 hujus
240 4261 416 4342 perieulum
444 4280 512 4322 non
538 4257 719 4334 advertunt,
752 4277 814 4338 quo
844 4276 898 4319 eor
928 4261 960 4317 et
991 4249 1221 4316 conscientiam

218 4379 229 4412 b
258 4381 314 4429 Aet.
327 4379 417 4455 Apost.
428 4395 450 4428 v.
464 4378 501 4441 3]
796 4373 903 4567 {Fons
915 4368 1102 4432 Martium]

219 4444 360 4493 ‘ohn'
337 4443 391 4492 viii.
401 4443 435 4506 4.]
832 4439 865 4487 Es
884 4438 911 4486 h.
926 4437 959 4501 8.]

796 4503 890 4552 ΙῑΗοε
909 4518 932 4553 v.
944 4504 983 4551 12.
996 4499 1046 4563 lt]

219 4509 299 4558 ddos.
309 4508 383 4557 xxiii.
396 4509 434 4558 23.
449 4507 512 4571 [leg.
525 4505 622 4568 13..]
