2970 4914
297 272 362 337 180
753 285 797 336 m
817 286 942 351 amun,

296 464 337 507 ex
350 443 520 508 Nebemiae
528 466 556 508 v.
569 464 634 509 ver.
643 445 694 509 ll.
706 444 764 508 ubi
776 446 947 508 oenteeima
955 443 1105 526 peronia,
1114 441 1279 525 flammai,
1290 445 1397 522 marti,

297 548 366 626 olei,
382 547 452 630 pari
465 555 584 611 natura
598 555 782 627 censentur,
797 548 867 630 pari
881 547 1002 631 injuria
1014 547 1100 610 male
1115 553 1225 629 parta,
1240 547 1312 629 pari
1322 548 1398 630 jure

296 649 424 712 restitui
445 649 614 733 jubentur.
662 651 857 734 Quanquam
882 650 918 713 id
946 650 1063 732 cuique
1093 670 1207 712 sensus
1232 657 1396 732 suggerat,

296 751 382 834 quod
397 751 442 817 ait
452 751 718 833 iurisconsultus,
727 755 895 834 pecaniam
908 774 967 816 ara
980 753 1060 835 ipso,
1076 760 1110 816 et
1124 753 1253 816 assidua
1266 774 1396 835 permu-

294 855 418 918 tatione
433 855 669 938 quodammodo
690 858 868 937 eretinyai5
890 877 958 919 non
983 855 1016 919 id
1032 877 1162 938 prorsus
1178 855 1317 938 quidem,
1341 855 1397 919 sed

295 957 436 1021 Domino
450 963 561 1022 tamen
575 960 742 1041 exstingai.
777 960 895 1042 Hujus,
911 979 998 1040 ergo,
1015 957 1166 1021 secundae
1180 957 1307 1041 injuriae
1321 979 1397 1020 reue

294 1068 365 1125 esto
383 1061 569 1143 foenerator,
597 1063 683 1146 qaod
709 1083 747 1126 eo
770 1062 810 1126 de
834 1082 951 1144 genere
976 1083 1086 1124 rerum
1108 1060 1253 1142 forsetam
1275 1068 1396 1144 captet,

293 1164 390 1242 unde,
405 1163 470 1227 nisi
477 1162 607 1245 fractor
621 1165 755 1246 injuria,
770 1163 892 1247 percipi
905 1163 1016 1226 nullus
1030 1163 1143 1246 possit.

341 1266 404 1350 [3.]
423 1267 544 1330 Modus
554 1267 736 1330 hictertius
745 1272 813 1330 est:
838 1265 1021 1332 Quodcum
1033 1265 1395 1347 severissimalmeeau·

292 1374 364 1431 tum
384 1368 437 1448 sit,
455 1369 496 1432 de
521 1390 667 1433 mensisra
683 1370 776 1451 jamia
800 1375 834 1432 et
857 1369 980 1450 aquali,
1003 1367 1140 1432 Leritici
1158 1368 1223 1432 xix.
1243 1389 1307 1432 ver.
1320 1371 1395 1432 36.:

292 1470 449 1534 Mensura
457 1477 567 1534 autem
570 1473 837 1553 permutationem
846 1471 888 1534 sit
890 1467 1311 1552 pecania¹,unihuicreiab
1321 1478 1396 1535 ortu

292 1571 471 1636 destinata:
494 1580 563 1636 tam
586 1574 629 1638 sit
652 1575 829 1656 equalitati
841 1594 950 1636 rerum
964 1572 1096 1656 iniquus
1104 1571 1292 1654 foermrotor,
1308 1580 1347 1636 ut
1361 1580 1395 1636 et

290 1693 467 1737 nmnmram
480 1675 594 1758 ipsam,
603 1677 690 1740 unde
699 1677 863 1758 equalitas
877 1675 983 1739 omnis
998 1684 1059 1754 est,
1071 1675 1252 1757 inopiniam
1266 1675 1393 1740 efficiat.

291 1776 434 1855 Etenim,
462 1798 534 1860 quae
561 1777 609 1860 (in
633 1778 730 1842 rebus
750 1778 984 1860 permutandis)
1002 1779 1140 1859 pecnnia
1166 1784 1287 1841 centnm
1309 1779 1394 1842 valet

292 1879 406 1959 minas,
422 1881 575 1964 cujusque
587 1882 727 1963 pretinm
744 1882 793 1964 (at
807 1881 979 1963 mensurae)
997 1881 1108 1944 debuit
1123 1902 1191 1945 esse
1205 1883 1393 1955 statariam5

285 1981 474 2063 foeneratori
499 1984 625 2066 gravior
647 1985 758 2064 est,'ei
780 1991 901 2048 centnm
923 1984 1036 2067 pendit
1059 1990 1093 2048 et
1115 1986 1237 2058 decem·
1259 1985 1394 2048 debitori

130 2092 223 2170 '1‘01’
239 2094 282 2146 ad-
292 2085 400 2165 levior,
410 2087 524 2170 pendit
539 2087 639 2152 enim¹
652 2094 781 2152 tantum
796 2089 986 2170 nonaginta:
1011 2088 1094 2168 topia
1107 2094 1139 2151 et
1153 2089 1243 2169 Iopis,
1259 2090 1349 2150 valor
1363 2095 1394 2151 et

131 2156 237 2288 ΜΒ·
292 2190 412 2254 aalma
459 2191 569 2257 Quare
590 2191 625 2254 id
646 2197 747 2274 agunt
765 2211 876 2269 asaro,
891 2191 942 2255 vel
965 2191 1118 2271 legitima,
1138 2187 1223 2260 ὅπως
1239 2189 1284 2271 μὴ
1303 2189 1393 2271 γένη·

105 2282 108 2287 ’
293 2316 347 2355 ται
376 2290 525 2372 ioirne¹2
551 2293 660 2360 Quare
683 2301 722 2358 at
751 2301 828 2358 ante
851 2294 940 2375 Legi,
967 2293 1013 2356 ita
1036 2315 1124 2358 nunc
1151 2294 1270 2357 rationi
1297 2295 1394 2376 Legio
1428 2359 1430 2362 .

294 2396 561 2480 contraveniuntz
587 2397 697 2464 Quare
710 2397 746 2460 in
761 2397 808 2461 eis
815 2396 947 2478 justitia
961 2395 1073 2465 nulla,

130 2581 281 2646 2[‘etism’
347 2566 434 2632 Quid
467 2569 625 2632 Goriioa?
668 2569 780 2652 Ecqua
804 2567 890 2632 illius
920 2588 1002 2653 spes,
1030 2566 1087 2631 ubi
1105 2568 1236 2650 justitio
1260 2566 1392 2632 deficit?

129 2645 269 2776 fflJMS·
292 2669 513 2735 Adhibeamus
528 2662 654 2735 tamen’
669 2693 804 2735 examen
823 2671 985 2734 Caritatis.

129 2790 240 2904 [cmm
339 2772 465 2836 Caritas
480 2774 588 2838 Deum
604 2780 736 2857 spectat,
754 2779 787 2838 et
802 2775 939 2836 homines
949 2775 973 2847 ³;
998 2777 1177 2855 spectemus
1192 2772 1229 2835 in
1243 2778 1390 2856 utroque.

129 2870 158 2957 ,¹¹
169 2855 272 2978 RQ]
291 2872 412 2938 Neutri
428 2873 616 2956 fenerator,
631 2882 748 2939 neutra
763 2874 953 2957 foeneratori
970 2875 1057 2938 favet
1071 2875 1199 2938 caritas.
1248 2875 1304 2938 Si⁴
1320 2897 1392 2958 ger·

128 2927 268 3046 nebridi
291 2997 388 3040 mana
409 2983 468 3056 est,
488 2977 568 3040 Cocio
590 2976 731 3060 primum
753 2977 929 3057 descendit,
946 2977 1074 3061 quando
1093 2977 1141 3059 (ut
1158 2983 1245 3041 recte
1269 2978 1392 3061 Grego-

129 3053 214 3121 Μ’]
290 3079 369 3162 rius)
397 3080 497 3144 Rions
522 3081 677 3143 Caritatis
699 3081 833 3164 pictatia
866 3081 904 3145 de
925 3080 1018 3162 sonte
1048 3080 1212 3143 docendas.
1258 3081 1329 3144 Deo
1353 3087 1391 3146 ut

129 3132 141 3164 i
173 3137 180 3162 s

130 3133 261 3250 uiridi&
292 3202 350 3245 sua
364 3188 488 3246 constet
504 3183 633 3261 caritas,
650 3203 668 3247 e
684 3184 874 3247 commerciis
888 3182 1016 3262 nostris,
1043 3182 1212 3266 permagni
1234 3182 1391 3247 interesse

126 3263 228 3393 {2511}
291 3282 438 3363 arbitror,
464 3284 491 3348 si
514 3285 752 3349 Providentiam
771 3286 920 3348 Divinam
945 3284 1121 3369 plurimum
1148 3305 1205 3348 sua
1223 3283 1390 3364 interesse,

289 3407 357 3451 non
371 3408 557 3471 persuasum
571 3387 667 3457 modo
683 3387 798 3472 cuique
813 3408 933 3467 eorum,
946 3387 1111 3452 sedetiam
1123 3387 1322 3471 exploratum
1338 3387 1389 3450 sit.

171 3495 234 3558 122
290 3489 428 3574 Expedit
452 3490 500 3554 ita
520 3512 553 3555 se
573 3511 643 3554 rem
666 3491 795 3571 habere,
811 3497 849 3555 ut
871 3512 939 3555 non
960 3491 1056 3554 modo
1076 3489 1255 3573 indigeant,
1279 3489 1334 3553 sed
1357 3497 1389 3553 et

290 3593 433 3657 sentiant
448 3593 593 3678 indigere
609 3615 643 3657 se
658 3595 777 3658 Divino
792 3594 1019 3657 Providentia:
1043 3591 1097 3655 Ita
1111 3613 1250 3675 namque
1271 3588 1388 3672 ὦγαθο-

288 3697 389 3760 ποιῶν
417 3693 584 3783 οὐρανόθεν
621 3693 722 3766 διδοὺς
750 3693 858 3765 ὑετοὺς
893 3693 947 3759 καὶ
982 3691 1108 3780 temporie
1144 3691 1390 3781 καρποφόρους8

288 3798 449 3863 amabitur
457 3824 466 3876 ;
482 3799 594 3878 iratus,
610 3805 643 3862 et
659 3799 820 3863 contraria
835 3799 925 3878 dans,
935 3797 1135 3882 placabitur:
1151 3797 1239 3862 illinc
1251 3797 1292 3862 ad
1302 3799 1389 3862 Eum
1431 3877 1433 3882 Ι

287 3902 400 3984 gratiae
407 3928 417 3980 ;
437 3924 558 3985 preces,
567 3902 645 3966 hinc
653 3927 663 3980 3
683 3902 759 3966 fidei
769 3908 906 3985 uterque
921 3907 954 3965 et
970 3901 1114 3964 caritatis
1129 3900 1253 3964 fructus
1267 3899 1387 3964 redun-

286 4004 386 4068 dabit.
432 4005 496 4069 Hic
507 4006 576 4089 jam
584 4003 693 4086 fanno
710 4003 772 4087 (uti
786 4004 903 4087 nostis)
920 4003 955 4067 id
971 4003 1048 4086 agit,
1064 4024 1106 4067 ue
1125 4023 1256 4067 neeesse
1270 4002 1388 4067 habeat

285 4109 360 4170 ooeio
381 4107 489 4170 dobere
511 4128 577 4172 rem
596 4128 694 4186 raom,
710 4127 816 4190 neque
839 4113 896 4170 aut
918 4105 1090 4190 quicquam
1106 4105 1146 4169 de
1161 4107 1235 4169 coeio
1249 4127 1387 4187 sperare,

285 4215 342 4272 aut
356 4229 500 4293 unquam
514 4209 551 4273 in
565 4212 673 4280 coelam
687 4210 856 4292 mmpirore.
897 4209 1016 4272 Sndnm
1031 4207 1119 4273 enim
1134 4208 1186 4287 sit,
1202 4229 1245 4276 an
1260 4214 1388 4289 tompor-

315 4335 328 4359 ¹
357 4326 426 4377 (iant.
434 4328 513 4377 Arist
521 4327 580 4377 Eth.
587 4328 721 4380 Nicomv.
730 4331 754 4380 ὅ.
762 4327 811 4392 14.]
887 4335 898 4358 ¹
915 4327 1031 4378 Caelestis
1048 4327 1199 4387 benefactor,
1211 4327 1255 4390 qui
1273 4327 1318 4377 dat
1333 4328 1387 4390 plu-

316 4401 328 4432 !
356 4391 429 4442 Dent
441 4407 500 4442 xxv.
513 4393 551 4452 18,
563 4393 617 4455 14.]
854 4393 909 4442 vias
929 4397 955 4442 et
966 4396 1128 4456 tempestates
1139 4392 1286 4443 monitores
1318 4392 1386 4458 [Act.

316 4466 326 4490 ¹
355 4456 650 4520 Oonf.200r.viii.15.]
854 4457 945 4520 Apost.
956 4457 1008 4507 xiv.
1018 4456 1068 4521 la]
1349 4472 1352 4477 ·
