2970 4914
11 4548 19 4569 ⁰
102 4556 114 4591 a

438 277 499 324 ruo
522 277 629 325 oaauu
651 276 813 325 uocrours.
1133 263 1173 323 19

12 428 16 435 ’
47 435 145 523 (cipi,
168 454 262 496 soora
290 433 409 515 diripit,
438 439 577 516 quantus
602 433 779 496 Peccator?
834 432 949 514 Cuique
974 431 1173 497 reddendum

12 578 34 606 ·.
72 537 294 620 quod·saum¹,·
317 538 364 600 ita
380 558 498 620 nempe
512 538 645 600 Justitio
660 538 749 602 vult:
781 538 852 603 Hoc
871 537 1037 601 illisorum
1052 544 1111 616 est,
1127 538 1174 603 ita

29 644 41 665 ³
71 649 184 705 tamen
209 661 308 719 mum,
333 648 371 704 ut
390 641 452 704 Dei
476 641 668 724 primunr,
700 647 738 704 ut
763 661 888 725 semper
911 649 1061 723 peccetur
1084 642 1172 724 prius

70 745 106 808 in
129 746 247 823 eoelam,
272 766 368 827 quarn
390 744 425 807 in
447 765 522 806 coe:
569 744 763 807 Primarium
786 743 873 807 enim
890 745 948 825 jus
969 744 1073 820 Dei¹¹;
1106 744 1174 807 Sibi

71 848 196 911 asserit.
244 847 279 911 Si
303 847 389 930 quod
410 868 499 910 sirum
525 848 643 929 cuique,
670 868 741 934 quae
764 846 827 914 Dei
851 848 931 911 Deo.
978 849 1041 911 Dei
1065 854 1173 911 autem

71 951 151 1029 haec,
177 951 204 1013 si
230 951 301 1014 Deo
324 949 494 1014 eredimus.
540 951 584 1015 Et
609 949 739 1034 quidem
762 950 811 1014 bis
834 950 905 1015 Dei.
951 951 1014 1015 Dei
1033 951 1173 1034 primum

71 1055 229 1117 creatione
243 1074 310 1131 sua,
326 1053 413 1117 unde
427 1053 462 1116 id
482 1073 612 1116 necesse
628 1059 676 1116 est
692 1053 836 1118 dicamus
852 1073 974 1130 omnes,
993 1053 1078 1136 quod
1093 1052 1174 1117 dixit

72 1156 187 1236 David,
211 1157 288 1219 Haec
311 1177 377 1239 que
401 1157 520 1235 damur,
545 1158 648 1219 omnio
673 1162 728 1219 tua
750 1162 842 1219 suot:
870 1157 935 1221 Tua
958 1157 996 1219 de
1014 1157 1088 1218 tuis
1106 1156 1175 1218 Tibi

72 1260 214 1324 danaus
256 1260 419 1322 Creatiooe
433 1258 573 1342 primum
589 1281 655 1336 sua,
670 1260 834 1322 Dicotiooe
850 1259 925 1323 dein
939 1265 1067 1324 nostro:
1092 1258 1174 1325 Quae

72 1365 163 1428 Deus
183 1364 368 1427 secundario
383 1365 459 1445 jure
473 1363 675 1446 transcripsit
695 1363 731 1426 in
752 1384 811 1429 nos
831 1362 1013 1445 aequissima
1027 1362 1108 1444 lege,
1126 1362 1174 1425 Ut

23 1522 37 1549 ,
73 1467 129 1550 qui
149 1488 208 1550 pro
231 1467 405 1530 homiuibus
427 1466 663 1545 constituimur,
679 1466 714 1531 in
729 1465 768 1528 iis
783 1487 855 1548 quae
871 1466 957 1552 opud
969 1466 1100 1543 Damr,
1115 1486 1174 1548 pro

73 1572 144 1635 Deo
160 1571 405 1649 constituamur,
420 1571 455 1632 in
469 1571 509 1633 iis
526 1591 596 1654 quae
619 1570 706 1651 opud
727 1571 864 1632 domines
872 1595 888 1650 ,·
911 1568 966 1651 qui
981 1568 1174 1653 porrigimus

39 1664 42 1668 ⁵
76 1695 149 1757 quae
174 1673 237 1737 Dei
258 1679 334 1736 sunt
358 1673 540 1752 dominibus,
568 1673 761 1757 accipiamus
783 1695 854 1756 quae
877 1672 940 1736 Dei
962 1677 1038 1734 sunt
1060 1672 1099 1734 ob
1120 1673 1174 1734 do-

72 1779 215 1842 minibus.
261 1777 475 1860 Transcripsit
493 1777 648 1860 (inquam)
659 1777 725 1860 jus,
741 1783 809 1840 tam
824 1783 948 1840 arctum
959 1776 1028 1858 jus,
1049 1782 1087 1839 ut
1108 1797 1175 1842 non

71 1883 168 1947 modo
193 1904 260 1946 non
287 1883 355 1945 tolli
379 1883 551 1967 quicquam
579 1880 666 1959 inde,
691 1902 732 1944 ne
760 1901 818 1965 per
846 1879 1008 1944 inscitiam
1035 1879 1173 1963 quidem,

71 1987 127 2050 sed
141 1985 246 2070 (quod
266 1985 302 2048 in
320 1985 469 2047 Civilibus
486 1984 574 2067 lieet)
592 2004 652 2047 nec
671 1984 772 2061 orodi,
788 2004 856 2048 non
875 1981 972 2046 modo
995 1987 1101 2059 totum,
1120 1981 1174 2047 sed

70 2111 132 2154 nec
151 2095 278 2171 portem
302 2088 432 2172 quidem
451 2088 499 2153 fas
520 2087 590 2151 siti.
636 2087 714 2151 Non
733 2088 834 2164 vendi,
856 2107 923 2152 non
946 2087 1032 2150 emi?
1054 2084 1175 2152 nedum

70 2193 171 2276 igitur
187 2193 341 2255 decorari.
386 2192 504 2274 Neque
518 2211 592 2254 vero
607 2190 641 2258 id
661 2191 691 2260 ei
711 2197 842 2266 tantum
865 2189 977 2266 scelus,
995 2188 1050 2272 qui
1069 2194 1174 2253 extor-

72 2296 160 2374 serit,
177 2295 233 2358 sed
248 2295 459 2376 Mupisirotoi
480 2293 588 2371 etiam,
606 2293 661 2377 qui
682 2292 882 2375 permiserit:
917 2292 1031 2377 Deque
1047 2311 1085 2353 eo
1100 2312 1173 2375 pro.

70 2405 210 2463 testatus
247 2405 296 2463 est
311 2395 501 2461 'Nehemias
537 2394 641 2459 bonus
678 2397 839 2477 Princeps,
873 2416 940 2461 non
976 2394 1072 2459 modo
1108 2415 1174 2457 non

71 2503 238 2567 sustulisse
262 2523 295 2564 se
311 2502 423 2579 Sucro,
441 2499 497 2562 sed
513 2498 552 2562 ab
569 2499 660 2562 Urbe
682 2499 831 2576 abfuisse,
848 2519 922 2565 cum
945 2497 1169 2573 tollerentur¹5

70 2628 149 2671 nam
171 2607 198 2668 si
222 2605 386 2683 adfuisset,
402 2603 509 2687 potius
532 2623 629 2688 quam
652 2601 686 2666 id
710 2602 811 2679 fieret,
836 2601 876 2667 de
895 2599 975 2680 fisco
996 2619 1054 2667 suo
1072 2599 1170 2682 (quod

70 2711 266 2773 Artaxerxes
281 2708 382 2790 fecit),
404 2706 443 2770 de
457 2726 563 2768 menso
585 2725 642 2770 sua
660 2704 757 2793 (quod
778 2704 855 2767 fecit
870 2703 1019 2785 Pharao),
1036 2702 1169 2785 largitu·

70 2832 145 2875 rum
159 2811 267 2876 fuisse.
312 2811 376 2879 Aio
391 2810 501 2893 igitur,
515 2809 583 2892 qui,
602 2807 686 2891 quod
702 2807 831 2876 Levites
853 2828 965 2890 capere
984 2812 1120 2890 oportet,
1136 2806 1171 2869 id

69 2915 290 2998 intercipiunt,
316 2935 370 2977 eos
394 2913 596 2977 committere
619 2912 655 2976 in
678 2913 795 2989 Deum,
821 2912 885 2976 sive
906 2912 938 2973 oi
960 2910 1083 2988 id.fiat,
1106 2908 1171 2973 sive

61 3018 207 3100 froude,·
230 3019 296 3082 sive
310 2999 352 3080 'ad
367 3018 521 3079 militaria
535 3022 663 3081 vertant
678 3015 844 3102 stipendio,
860 3017 925 3079 sive
942 3014 983 3078 ad
997 3020 1172 3079 structuras

69 3123 204 3184 AEdium
212 3148 228 3202 ,·
251 3121 315 3184 sive
331 3121 421 3198 lauri,
432 3120 498 3184 sive
509 3120 678 3200 voluptatis
689 3140 786 3183 causa
799 3118 920 3183 faciant
928 3143 937 3196 3
962 3117 1026 3181 sive
1034 3124 1170 3199 purtem,

70 3226 137 3288 sive
153 3231 250 3288 totum
264 3224 489 3287 intervertant.
534 3224 600 3287 Per
613 3223 686 3300 uim,
702 3222 801 3305 impia
815 3222 947 3288 Athalia
960 3242 1170 3304 perrumpens

68 3329 105 3391 in
128 3324 271 3392 Domum
286 3326 358 3404 Dei,
386 3332 419 3391 et
442 3325 595 3407 diripiens
620 3345 691 3408 quae
714 3325 795 3391 inibi
818 3331 910 3389 erant
933 3325 1076 3392 omnia³z
1110 3325 1172 3386 Per

62 3428 224 3512 fraudem,
240 3429 358 3512 impius
373 3428 488 3495 Achan
512 3428 694 3492 clanculum
719 3427 886 3493 defodiens
909 3427 943 3490 in
967 3427 1117 3504 tentorio,
1135 3433 1171 3489 ut

69 3534 222 3618 adjiceret
245 3533 286 3597 ad
309 3530 540 3615 supellectilem
555 3532 646 3594 suam
660 3550 727 3596 rem
743 3536 895 3597 armarat,
941 3531 1072 3592 Publice
1088 3549 1169 3591 com-

69 3640 159 3702 modo
181 3639 266 3702 visus
288 3644 339 3701 est
362 3637 466 3702 facere
488 3636 565 3698 Joas
577 3661 587 3712 3
610 3634 697 3719 pacis
712 3634 800 3701 enim
815 3633 1016 3698 conditiones
1031 3632 1169 3694 redemit

68 3743 221 3806 thesauro
232 3744 351 3807 Domus
360 3742 432 3820 Dei,
446 3741 503 3804 sed
514 3740 600 3824 pacis
611 3738 777 3817 lubricae¹¹;
794 3738 952 3802 devoravit
963 3736 1050 3799 enim
1064 3755 1168 3799 socru.

69 3845 205 3908 Publica
230 3844 463 3928 mopnifioentio
482 3844 569 3909 visus
590 3849 640 3906 est
660 3842 765 3910 facere
782 3837 979 3907 Jeroboam:
1012 3838 1169 3902 exstruxit

68 3949 145 4013 inde
162 3949 378 4012 Shechemum
394 3955 426 4010 et
443 3946 661 4016 Phenuelem'*
670 3973 679 4025 3
704 3947 759 4010 'sed
776 3947 812 4008 in
826 3943 1035 4032 suupoiuibas,
1053 3941 1169 4025 quippe

69 4053 203 4137 spoliato
222 4053 354 4140 Templo,
371 4057 403 4113 et
419 4051 558 4119 alienato
569 4051 643 4134 jure
657 4051 867 4116 Decimorum.
912 4044 1010 4114 uuor
1026 4067 1121 4110 causa
1136 4051 1168 4109 et

71 4201 76 4211 '
105 4223 112 4254 ι
131 4225 204 4275 nom.
217 4224 304 4275 nur
706 4218 852 4281 r[ueram.
864 4217 920 4266 χιιι.
933 4220 955 4266 6.

102 4289 208 4340 uuum.
221 4285 362 4352 xviii.[26.]
706 4283 762 4346 ⁶[2
773 4282 865 4358 Chmi':
877 4282 945 4330 xxiv.
976 4281 992 4344 ,]

102 4362 115 4384 ¹¹
131 4352 206 4403 Mati.
217 4354 281 4406 xxii.
295 4352 347 4416 [37.
360 4351 413 4414 38.]
670 4412 672 4416 Α
705 4345 818 4410 ⁸[Josh.‚
828 4361 872 4397 vn.
885 4346 937 4408 et]
969 4410 975 4422 Ι

103 4427 114 4451 ⁰
131 4420 143 4466 l
159 4418 250 4468 Ohron.
262 4419 333 4468 xxix.
346 4416 410 4479 [m]
704 4421 717 4442 ¹¹
736 4412 764 4476 [2
779 4410 819 4474 (al,
831 4411 856 4474 4)
868 4411 928 4473 ch.
940 4410 984 4459 xil.
997 4409 1056 4471 18.]·

102 4491 114 4523 Ρ
131 4481 211 4596 qub,
222 4497 246 4531 v.
255 4481 292 4544 1.]
704 4485 716 4513 ⁸
734 4477 762 4541 [1
777 4475 817 4539 (ol,
831 4478 856 4539 3)
869 4475 929 4538 Reg.
938 4475 985 4527 'xii
998 4473 1049 4538 25.]

144 4562 191 4598 rev.
197 4563 221 4596 v.
231 4547 327 4610 [xxvii.
339 4544 408 4608 28.t]·
415 4542 505 4594 Erech.
517 4541 676 4606 xlviii.[14.]

848 4624 908 4685 02
