2970 4914
564 633 885 713 SERENISSIMO,

249 792 598 866 Pornurlssmoouu
616 795 787 852 PRINCIPI
806 797 853 852 lo
872 797 1023 853 DOMINO
1043 799 1195 866 NOSTRO,

486 934 956 1060 canuno

177 1142 234 1190 DEI
258 1145 383 1204 GRATIA,
409 1145 530 1193 MAGNAE
554 1145 746 1202 BltlTANNIAE,
771 1146 923 1204 FRANCIAE,
948 1149 966 1194 a
991 1147 1157 1194 IIIBERNIAE
1182 1148 1264 1205 REGI,

549 1229 636 1277 rimu
653 1229 836 1288 DEFENSORI,
854 1232 892 1278 810.
1206 1238 1209 1247 “

609 1430 836 1438 ...--—--—--—-·-.

257 1575 471 1637 Sannuissnm
487 1575 683 1652 Puincuun,

116 1768 121 1775 .
214 1712 354 1774 80111111
384 1711 453 1775 haec
482 1711 656 1775 Revereudr'
687 1712 838 1774 Prorutis
867 1733 909 1775 ne
938 1712 1080 1775 tenebris
1109 1716 1271 1797 perpetuis

167 1815 293 1898 sepulta
309 1815 463 1898 jacerent,
480 1836 558 1878 cura
582 1821 640 1877 tua
663 1815 736 1878 fuit.
781 1816 830 1878 Ea
849 1815 983 1878 utilitati
998 1815 1093 1878 simul
1109 1824 1141 1880 et
1156 1817 1271 1882 honori

165 1925 240 1984 tum'
258 1918 418 1998 Ecclesiae,
434 1925 506 1982 tum
525 1918 713 1999 Reipublicae
733 1918 851 1997 futura,
873 1939 932 1981 uos
948 1919 1043 2002 jussu
1062 1921 1131 1983 Tuo
1150 1921 1271 2003 publici

161 2023 244 2106 juris
266 2022 411 2086 fecimus.
457 2021 659 2086 Concionum
678 2022 817 2105 quidem,
835 2043 913 2105 quas
936 2022 998 2084 Ille
1016 2022 1201 2088 felicissimo
1220 2026 1270 2089 in-

166 2125 261 2208 genio
287 2125 490 2190 elucubratas
512 2125 692 2209 perpolivit,
717 2125 868 2188 volumen
890 2124 967 2187 satis
987 2126 1140 2209 amplum,
1156 2128 1270 2192 eodem

162 2231 258 2312 jussu
279 2230 363 2308 fulti,
378 2219 563 2313 nuperrime
582 2230 618 2292 in
637 2230 743 2293 lucem
758 2228 914 2297 dedimus.
961 2231 1079 2294 Fausto
1094 2232 1174 2295 illud
1189 2233 1270 2315 pede

166 2333 300 2416 Imperii
314 2331 364 2396 tui
379 2333 482 2416 spatia
496 2339 665 2416 peragret:
690 2332 803 2396 doceat
818 2333 913 2395 simul
928 2340 961 2395 et
976 2334 1179 2398 consoletur:
1205 2335 1270 2400 Sed

165 2437 234 2520 ejus
260 2435 380 2499 limites
404 2457 446 2500 ne
472 2435 665 2518 egrediatur,
692 2435 812 2518 lingua,
834 2457 898 2517 qua
919 2457 996 2498 usus
1020 2443 1078 2514 est,
1100 2439 1270 2502 vernacula

165 2539 282 2604 obstat.
329 2540 403 2604 Hoc
426 2562 514 2604 nune
539 2541 700 2604 volumine
729 2539 888 2623 pauciora,
912 2561 973 2603 nec
999 2541 1125 2604 minora
1146 2547 1267 2620 tamen,

165 2642 297 2707 damus:
321 2665 360 2708 ex
383 2667 445 2708 usu
465 2645 704 2728 certe-publico
721 2644 832 2707 futura
851 2644 964 2728 magis.
1009 2645 1097 2707 Nam
1118 2645 1195 2709 dum
1216 2645 1268 2708 hie

164 2745 234 2808 fere
255 2747 364 2810 omnia
386 2747 495 2810 habitu
517 2749 657 2810 Romano
679 2746 803 2823 induta,
819 2768 886 2810 non
902 2746 1031 2830 quidem
1045 2747 1195 2827 fastuose,
1212 2748 1269 2812 sed

165 2849 305 2932 graviter
319 2851 493 2928 incedunt3
516 2851 557 2914 ad
575 2858 699 2914 exteras
721 2851 819 2914 etiam
836 2853 958 2916 Gentes
983 2873 1104 2916 nomen
1119 2853 1269 2916 Auctoris

163 2952 408 3017 celeberrimum
432 2953 544 3037 quidni
568 2954 737 3018 deferant?
769 2955 953 3019 -Oouciouec
979 2956 1076 3019 etiam
1098 2956 1184 3020 inter
1198 2958 1268 3022 haec

163 3058 329 3122 nonnullae
355 3064 442 3121 sunt.
491 3059 658 3120 tractatus
678 3059 732 3120 alii
759 3059 814 3141 qui
838 3067 924 3137 sunt,
943 3060 1036 3142 pauci
1057 3061 1187 3143 quidem
1208 3062 1266 3140 illi,

163 3181 224 3223 nec
234 3160 350 3223 ultima
358 3182 458 3223 manu
479 3161 654 3224 Venerundi
669 3161 760 3223 Senta
774 3182 886 3224 omnes
901 3161 1040 3244 expoliti,
1054 3162 1141 3226 Luce
1157 3169 1267 3227 tamen

163 3285 232 3328 non
253 3265 387 3349 indigni,
412 3265 584 3349 prodeunt.
629 3266 707 3329 Non
723 3273 760 3329 ut
776 3267 885 3330 omnia
906 3267 959 3330 hic
983 3267 1062 3330 adeo
1077 3267 1219 3350 perfecta
1233 3275 1266 3331 et

163 3367 293 3433 elimata
308 3368 382 3446 sint,
399 3377 517 3432 utnon
532 3370 654 3432 Auctor
667 3369 744 3451 ipse,
762 3370 788 3432 si
809 3377 970 3453 superstes
986 3371 1147 3449 edidisset,
1163 3372 1267 3434 multa

162 3477 348 3534 mutaturus
364 3478 419 3535 aut
435 3472 602 3534 additurus
617 3472 724 3550 fuerit,
741 3478 778 3534 ut
793 3494 853 3535 nos
874 3480 1026 3554 praestare
1041 3475 1203 3549 nolumus,
1219 3474 1266 3535 ita

162 3594 223 3638 nee
246 3575 393 3638 volumus
417 3577 577 3640 Lectoreru
597 3583 774 3659 expectare.
820 3577 908 3638 Illud
925 3577 1054 3659 quidem
1071 3576 1165 3640 nobis
1180 3595 1265 3640 curae

161 3678 235 3756 fuit,
251 3701 293 3744 ne
308 3682 479 3765 quicquam
494 3681 645 3764 prodiret,
659 3682 749 3765 cujus
764 3680 927 3744 occasione
941 3682 1044 3743 cuncti
1058 3701 1164 3743 manea
1175 3681 1265 3764 queri

158 3783 233 3867 jure
248 3791 387 3866 possent,
397 3783 491 3848 famae
507 3807 572 3848 suae
583 3783 668 3867 apud
682 3791 827 3867 posteros
842 3785 925 3848 male
940 3784 1124 3848 consultum
1139 3806 1158 3847 a
1173 3783 1265 3847 nobis

162 3907 243 3951 esse.
288 3888 404 3970 Neque
426 3909 581 3966 veremur,
603 3894 640 3950 ut
663 3887 716 3952 hic
739 3888 909 3971 quicquam
934 3888 1048 3950 Lector
1069 3887 1209 3970 prudens
1232 3895 1265 3951 et

162 3989 313 4054 cordatus
328 3991 474 4074 reperiat,
492 4012 554 4074 quo
569 4012 686 4069 carere,
703 4013 800 4074 quam
816 3992 865 4055 vel
879 3992 924 4054 sic
938 3991 1003 4054 frui
1017 3990 1118 4054 malit.
1153 3992 1265 4057 Quan-

163 4114 259 4176 quam
272 4101 380 4158 autem
395 4101 428 4158 et
442 4094 513 4158 haec
527 4094 605 4177 ipsa,
617 4115 688 4177 quae
702 4099 977 4177 repraesentamus,
990 4092 1141 4176 pleraque
1153 4093 1264 4176 junior
1364 4147 1367 4154 .

162 4197 269 4260 adhuc
294 4198 465 4281 scripserit.
512 4197 547 4260 Si
571 4219 642 4280 quac
670 4203 781 4261 tamen
807 4195 906 4259 cruda
931 4196 1028 4259 nimis
1050 4203 1083 4259 et
1105 4195 1265 4277 indigesta

162 4301 398 4384 fueruntque
421 4303 490 4387 jam
518 4303 622 4364 Senex
647 4300 711 4364 acri
733 4307 866 4384 pensata
888 4300 1011 4382 judicio
1035 4299 1155 4382 rejecit,
1171 4299 1205 4361 in
1225 4298 1271 4360 111·

161 4403 315 4488 Auctoris
336 4405 436 4488 ipsius
461 4405 583 4490 judicio
613 4405 836 4488 acquievimus.
881 4406 997 4488 Ncque
1022 4404 1109 4485 enim
1136 4423 1267 4485 aequum

940 4511 1004 4572 132
