2970 4914
277 251 318 310 18
664 263 781 310 coucio
803 264 845 311 sn
868 263 997 310 onnauu

276 421 369 486 nobis
386 421 486 484 bolam
502 421 541 484 de
556 419 712 498 faucibus,
736 421 799 484 cito
819 428 926 485 totum
948 428 980 483 et
1002 419 1098 483 simul
1113 419 1374 510 transmittimus¹
1448 421 1451 428 '

276 527 319 589 In
330 547 368 591 eo
384 533 458 610 apte
472 525 622 608 primum,
640 525 725 608 quod
739 531 848 596 costra
863 546 929 588 non
945 525 1018 587 sint.

311 634 352 696 ’2.
377 628 525 692 Secundo
539 628 575 691 in
590 649 628 692 eo
644 629 730 713 quod
745 629 846 692 avide.
891 629 976 692 Vide
997 628 1079 693 mihi
1098 630 1262 691 molossum
1284 627 1376 691 illum

278 735 441 813 Seneeaess,
458 740 514 797 aut
541 734 568 796 si
590 735 700 812 mavis,
718 734 822 798 Esaiae
830 731 854 813 ¹¹,
871 735 992 797 mensae
1011 733 1201 811 inhiantem,
1216 754 1377 815 nusquam

277 839 386 902 oculos
400 843 592 916 moventem,
605 836 707 901 cauda
720 845 817 916 mota,
830 844 863 901 et
877 859 954 902 voce
964 837 1097 903 milvino
1105 835 1376 913 abblandientem,

278 941 357 1005 dum
372 941 402 1004 ei
413 941 534 1024 aliquid
545 941 580 1004 in
595 962 641 1004 os.
664 941 752 1004 Audi
767 941 848 1004 mihi
862 940 1002 1024 aliquem
1018 961 1057 1004 ex
1069 941 1244 1003 Clerobarie
1258 939 1377 1002 nostris

278 1045 467 1111 dilatantem
491 1066 527 1108 os
549 1055 646 1128 atque
668 1045 808 1108 animam
829 1045 865 1109 in
882 1045 969 1110 bona
989 1045 1150 1124 Ecclesia,
1166 1044 1259 1107 malis
1274 1044 1377 1106 inere-

278 1155 419 1231 pantem,
441 1148 593 1212 dentibus
612 1149 821 1232 prurientem,
845 1147 1101 1233 ingeminantem
1123 1147 1264 1231 quotidie
1286 1147 1376 1224 illud,

278 1252 333 1314 Da
358 1253 435 1314 mili
460 1253 525 1315 lac
544 1251 725 1334 latifundia,
748 1252 802 1315 Da
821 1253 899 1315 milri
921 1252 1003 1314 illud
1012 1252 1168 1334 paediam
1182 1253 1377 1332 superfluam,
1454 1278 1464 1299 κ

201 1336 207 1348 ’
278 1356 366 1417 illam
377 1355 554 1418 Ecclesiam
571 1357 741 1419 caducam.-
760 1377 882 1440 quaeso,
900 1355 978 1439 quid
990 1355 1150 1419 interest?
1195 1356 1238 1419 In
1253 1376 1291 1420 eo
1305 1362 1380 1437 apte

279 1459 429 1536 secundo,
447 1458 531 1540 quod
546 1460 636 1522 acide
650 1459 826 1542 rapiantur.

323 1567 354 1626 3.
378 1563 497 1641 Tertio,
512 1563 605 1626 illum
624 1563 732 1647 ipsum
750 1584 856 1626 canem
871 1563 1028 1627 advertite
1044 1585 1112 1626 non
1131 1562 1228 1626 modo
1244 1563 1378 1640 acidam,

281 1666 338 1730 sed
353 1668 536 1730 medentem
555 1669 696 1730 saturari
705 1694 716 1741 ;
740 1669 768 1730 si
786 1667 863 1751 quid
881 1667 911 1731 ei
929 1667 1086 1751 injectum
1100 1667 1136 1728 in
1151 1687 1196 1744 os,
1213 1673 1379 1729 momento

280 1769 576 1854 transglutientem,
600 1791 661 1834 nee
682 1771 790 1847 minus
811 1777 885 1854 post
908 1770 1016 1834 fauces
1046 1770 1254 1835 diducentem
1284 1791 1380 1852 quam

281 1880 387 1938 antea.
432 1875 476 1938 Et
499 1875 580 1937 istos
601 1874 716 1938 itidem
738 1874 868 1938 adverte
890 1880 1019 1957 petaces
1041 1893 1184 1956 semper;
1208 1872 1243 1934 in
1266 1872 1381 1955 quibus

281 1983 319 2040 ut
339 1996 490 2059 agnoscas
512 1977 615 2060 ipsam
637 1977 815 2058 hydropem,
832 1977 902 2040 sitis
926 1976 1040 2040 arescit
1063 1997 1104 2039 ex
1126 1981 1223 2058 potu;
1246 1982 1284 2037 ut
1300 1975 1381 2037 scias

232 2082 235 2087 ’
281 2080 542 2162 saapaisaparam
565 2080 605 2143 de
635 2100 753 2163 genere
774 2101 854 2158 esse,
878 2080 954 2144 audi
975 2080 1075 2143 filiam
1097 2080 1165 2163 ejus
1187 2079 1381 2143 clamantem

282 2186 331 2247 ΞΠ
351 2182 426 2246 nni.
846 2232 849 2239 .

325 2289 356 2350 4.
382 2287 515 2362 Quarto,
541 2286 627 2368 quod
647 2286 683 2349 in
704 2287 866 2350 voracitas
884 2287 955 2350 istis
978 2287 1147 2350 usuvenit
1162 2288 1273 2364 milvis,
1290 2288 1380 2367 lapis,

281 2391 420 2468 locastis,
440 2395 478 2453 ut
501 2397 656 2473 perpetuo
677 2391 806 2472 clripcai
827 2397 990 2469 maneant,
1011 2411 1072 2453 neo
1096 2391 1262 2473 quisquam
1282 2391 1381 2454 exeis

282 2494 395 2558 evadat
424 2494 582 2556 habitior:
616 2493 704 2557 idem
730 2500 762 2557 et
786 2493 845 2556 his.
891 2493 1056 2558 Nimirum
1081 2494 1257 2558 Pharaonis
1280 2515 1381 2557 caeca

282 2597 384 2662 macie
399 2597 554 2662 confectae
569 2596 762 2661 devorarunt
776 2596 920 2680 pingues,
937 2602 970 2661 et
986 2603 1131 2680 aspectus
1146 2618 1257 2661 earum
1272 2619 1382 2661 mane-

282 2700 338 2765 bat
362 2702 466 2764 malus
495 2701 578 2764 sieut
608 2699 745 2764 anteak:
780 2700 922 2783 quotidie
950 2701 1110 2784 rapientes
1140 2707 1173 2764 et
1199 2722 1324 2784 semper
1347 2702 1383 2765 in

282 2810 435 2887 egestate,
456 2805 527 2867 Deo
556 2803 677 2867 seilicet
703 2803 748 2866 rio
771 2808 879 2886 partas
904 2824 980 2886 opes
1006 2804 1145 2882 afflante,
1173 2810 1211 2868 ut
1229 2805 1383 2868 miremur

281 2928 406 2984 omnes,
433 2907 510 2989 quid
529 2928 636 2970 massa
660 2907 716 2971 illa
738 2906 862 2970 factum
889 2906 940 2985 rit,
964 2927 1036 2990 quaa
1069 2906 1148 2970 abiit
1171 2914 1247 2971 ante
1281 2929 1383 2986 annos

282 3031 401 3094 paucos
416 3009 451 3072 in
467 3011 576 3072 liccem
591 3010 788 3091 Reipublicae.
835 3009 940 3073 Nobis
955 3030 1033 3093 ergo
1047 3010 1108 3085 hoe
1123 3017 1193 3075 esto
1212 3013 1383 3076 decorare:

284 3114 392 3177 l.·Dei
415 3119 594 3197 quaesunt,
621 3134 688 3178 non
711 3119 842 3186 castras
868 3115 899 3177 2.
921 3101 1038 3195 plalire
1058 3114 1158 3193 acide,
1182 3115 1298 3198 quibus
1323 3137 1383 3180 nee

149 3291 153 3298 ‚
250 3228 253 3234 '
283 3217 314 3279 3.
336 3217 497 3279 caracter
512 3215 593 3299 quis,
609 3237 670 3280 nec
692 3218 727 3292 4,
739 3222 908 3280 saturetur.
954 3217 1005 3280 De
1026 3237 1062 3280 re
1085 3217 1173 3280 dici:
1205 3219 1383 3302 Expediam

283 3319 380 3382 etiam
396 3319 435 3382 de
451 3319 609 3382 Persoais.

120 3447 143 3495 2,
156 3446 265 3504 Qunam
326 3423 375 3487 II.
399 3423 512 3486 Genus
535 3429 585 3486 est
602 3423 771 3486 hominum
787 3423 921 3506 duplex:
948 3425 977 3487 l.
996 3424 1114 3508 partim
1129 3445 1250 3504 eorum,
1268 3426 1383 3509 quibus

120 3512 248 3629 ἲένῦοξέἐῂ
284 3527 343 3591 Jas
367 3529 516 3609 aallams
533 3530 563 3601 2,
588 3528 706 3610 partim
729 3549 850 3607 eorum,
879 3527 996 3610 quibus
1019 3529 1079 3590 Jas
1099 3528 1239 3612 quidem,
1267 3529 1383 3594 sedeo

284 3633 422 3718 turpiter
445 3655 502 3717 per
525 3634 703 3717 nequitiam
726 3633 914 3696 abutuntur.
964 3635 992 3696 1.
1018 3632 1143 3698 Quibus
1165 3635 1282 3696 callam
1301 3635 1382 3697 Jas:

286 3737 512 3821 Centupondio
542 3737 628 3801 enim
664 3737 726 3800 hoc
756 3744 923 3820 peecatum
953 3738 1089 3819 gravius,
1120 3739 1181 3801 etsi
1210 3745 1383 3823 utrumque

285 3863 391 3922 grave.
436 3843 471 3905 Is
485 3861 625 3924 namque
648 3841 674 3903 si
696 3847 815 3922 peccat,
833 3841 887 3923 qui
910 3861 948 3904 ea
969 3840 1119 3924 prodigit,
1144 3863 1214 3924 quae
1235 3845 1285 3906 sai
1307 3851 1383 3907 sunt

274 3945 383 4024 jaris;
408 3945 462 4027 qui
476 3947 589 4024 aliena,
602 3945 637 4007 in
653 3946 723 4027 quae
737 3943 819 4006 nihil
834 3943 864 4006 ei
877 3945 976 4021 laris,
992 3965 1030 4007 ac
1044 3965 1104 4008 nee
1120 3948 1279 4026 capacitas
1285 3936 1382 4028 jacis,

287 4048 337 4130 (ut
356 4048 545 4131 loquuntur)
565 4049 661 4132 idque
684 4068 758 4110 cum
774 4047 836 4110 Dei
858 4047 987 4130 injuria,
1003 4069 1063 4110 nee
1084 4049 1147 4112 Dei
1169 4050 1312 4130 eajasais,
1329 4051 1384 4114 sed

288 4219 290 4224 .
316 4183 373 4248 ⁸[“
384 4183 485 4233 Solebat
502 4185 605 4245 Attalus
625 4183 672 4234 hae
700 4183 811 4245 imagine
856 4183 936 4246 llpist.
945 4183 1018 4232 lxxii
1032 4183 1088 4247 Op,
1100 4188 1161 4234 tom.
1170 4184 1196 4234 ii.
1209 4200 1251 4250 pp.
1260 4187 1316 4248 207,
1326 4191 1382 4239 208.

285 4249 339 4307 uti3
359 4247 455 4296 Vidisti
475 4248 610 4311 aliquando
629 4263 716 4298 canem
735 4249 812 4298 missa
856 4247 1103 4312 Lugd.Bat.1649.]

284 4313 627 4376 adominofrustapanisaut
638 4314 812 4375 camisaperto
888 4311 900 4344 h
917 4312 972 4362 an.
986 4313 1030 4362 lvi.
1040 4315 1078 4362 11.

285 4393 327 4426 ore
353 4380 514 4440 captanteml
552 4377 681 4441 Quidquid
705 4377 811 4440 excepit,
887 4377 893 4408 ¹
917 4377 988 4426 Pror.
1001 4393 1061 4426 xxx.
1075 4380 1113 4428 15.

285 4443 401 4505 protinus
412 4443 540 4505 integrum
551 4441 661 4502 devorat,
673 4446 699 4492 et
715 4457 813 4506 semper
888 4441 899 4473 Ι(
916 4441 989 4507 [Gen.
1001 4442 1046 4492 xli
1056 4443 1110 4506 21]

285 4507 318 4557 ad
329 4522 399 4572 spem
411 4508 490 4557 futuri
501 4506 640 4556 hiat.'’-L.
649 4507 715 4556 Arm.
726 4507 810 4557 Senec.
