2970 4914
585 273 757 322 RESPONSIO
779 273 821 322 AD
844 273 940 322 must.
963 272 984 319 I.

539 1061 793 1126 RESPONSIO
815 1061 1033 1126 EPISCOPI.

281 1263 483 1326 Scaffsnaau
512 1262 581 1325 haec
610 1262 742 1326 ineunte
771 1263 904 1340 Martio,
931 1269 964 1325 et
994 1283 1082 1324 eram
1107 1261 1176 1344 jam
1202 1262 1337 1344 jamque

235 1365 409 1430 missimus:
433 1386 508 1428 cum
529 1385 602 1429 ecce
621 1365 683 1428 tibi
697 1365 837 1429 excussit
857 1386 895 1428 ea
914 1364 954 1427 de
970 1364 1119 1427 manibus
1133 1363 1222 1441 mihi,
1240 1370 1339 1446 atque

235 1467 420 1530 missionem
440 1489 570 1530 omnem
591 1467 733 1532 turbavit
758 1467 891 1530 adversa
906 1467 1003 1549 Regis
1018 1465 1184 1530 valetudo:
1209 1485 1281 1548 quae
1298 1486 1338 1528 ex

236 1569 335 1631 animi
356 1590 488 1632 maerore
510 1577 675 1632 contracta
700 1569 841 1651 primum
865 1569 906 1632 de
932 1568 1025 1632 obitu
1047 1568 1227 1632 Carissimae
1250 1569 1337 1632 Con-

232 1670 321 1752 jugis
361 1681 459 1749 suae‘,
499 1672 716 1735 Serenissimae
747 1672 881 1754 Reginae
914 1678 1041 1748 nostrae,
1072 1659 1200 1753 praeque
1237 1669 1339 1733 animi

236 1794 374 1838 moerore
397 1774 545 1857 neglecta
565 1775 705 1856 corporis
728 1795 813 1852 cura,
830 1775 865 1836 in
884 1773 1034 1838 morbum
1051 1773 1164 1852 desiit3
1187 1773 1338 1837 morbum

236 1883 345 1938 autem
371 1876 449 1938 adeo
471 1875 674 1958 implicitum,
695 1882 732 1939 ut
754 1895 814 1939 nec
838 1875 960 1939 Medici
981 1876 1042 1957 ipsi
1066 1875 1105 1939 de
1131 1883 1247 1939 eventu
1266 1877 1337 1961 ejus

237 1978 315 2040 satis
335 1984 423 2040 certa
445 1978 685 2061 responderent.
730 1977 813 2040 Inde
837 1977 937 2041 oblita
959 1977 1040 2041 mihi
1066 1978 1195 2061 scriptio
1218 1979 1334 2058 omnis,

238 2086 334 2161 atque
349 2079 466 2142 omissa
481 2079 600 2144 missio.
645 2079 800 2143 Eundum
812 2080 899 2143 enim
909 2079 990 2143 mihi
1005 2087 1074 2143 erat
1089 2080 1124 2142 in
1137 2101 1246 2164 preces
1261 2103 1337 2145 cum

236 2182 368 2266 reliquis
393 2183 607 2247 consternatis
631 2182 740 2246 animo
764 2183 868 2266 plane,
894 2189 1006 2266 utpote
1032 2183 1072 2246 de
1097 2184 1186 2266 Rege
1215 2185 1338 2266 optimo

236 2285 500 2369 periclitantibus.
548 2285 613 2349 Sed
633 2285 773 2368 respexit
794 2306 854 2348 nos
869 2286 978 2362 Deus;
1006 2291 1104 2368 atque
1119 2286 1218 2348 Illum
1233 2287 1337 2365 nobis,

239 2409 276 2452 ac
290 2388 326 2452 in
342 2389 404 2452 Illo
419 2409 478 2452 nos
494 2388 587 2452 nobis
602 2387 751 2452 reddidit.
796 2388 867 2471 Ego
881 2388 1027 2451 redditus
1047 2389 1115 2472 jam
1131 2388 1221 2467 mihi,
1238 2389 1339 2453 reddo

239 2490 300 2555 tibi
327 2491 411 2574 quod
437 2490 575 2554 nimium
599 2489 655 2554 diu
678 2489 795 2554 debere
818 2510 870 2552 me
895 2490 1016 2566 fateor3
1051 2496 1089 2552 ut
1115 2490 1154 2553 de
1177 2511 1239 2554 aere
1265 2491 1337 2570 hoc,

238 2593 368 2658 nomine
382 2600 451 2671 tuo,
467 2599 622 2675 tanquam
644 2613 764 2657 nomen
777 2592 830 2656 vix
844 2591 975 2670 bonum,
992 2614 1012 2655 a
1026 2592 1167 2656 Domino
1182 2594 1340 2658 Beaulieu

234 2695 446 2780 appellandus
467 2696 594 2759 fuerim.
639 2696 786 2780 Accipies
807 2703 916 2759 autem
936 2696 1058 2780 justam
1073 2696 1157 2760 hanc
1170 2696 1268 2760 nimis
1284 2718 1340 2761 cx·

239 2799 436 2864 cusationem
451 2820 556 2862 meam
572 2799 682 2874 amice,
692 2806 730 2863 ut
746 2799 844 2863 soles:
868 2805 965 2883 atque
979 2821 999 2862 a
1014 2820 1066 2862 me
1080 2821 1193 2882 perges
1208 2822 1338 2884 exspec-

238 2909 306 2964 tare
322 2921 516 2984 quaecunque
531 2901 671 2965 hominis
685 2900 780 2964 amici
794 2901 896 2965 officia
911 2888 995 2963 sunt.

283 3106 334 3169 De
347 3105 430 3168 libro
444 3112 521 3168 tuo':
558 3105 735 3188 Pupugisse
751 3104 861 3168 scribis
876 3106 1021 3169 animum
1037 3107 1135 3190 Regis
1149 3108 1184 3170 in
1199 3129 1237 3172 ec
1253 3131 1339 3192 quae·

240 3207 325 3272 dam.
370 3208 442 3272 Nec
471 3207 598 3270 mirum.
644 3209 748 3271 Tener
777 3214 827 3270 est
856 3208 898 3270 Ei
925 3209 1061 3288 animus,
1089 3216 1121 3274 et
1149 3211 1338 3293 quistatim

240 3310 450 3395 persentiscat
472 3309 622 3394 quicquid
646 3316 696 3374 est
719 3309 754 3372 in
777 3309 838 3373 hoc
861 3331 978 3394 genere
1002 3313 1192 3376 aculeatum.
1237 3315 1337 3392 Nam,

242 3435 305 3497 qua
328 3421 376 3477 est
397 3413 433 3476 in
456 3414 562 3477 Deum
583 3412 712 3496 pietate,
727 3413 812 3476 infra
834 3434 925 3477 ouras
947 3436 1020 3477 suas
1039 3437 1106 3479 non
1120 3417 1212 3498 ponit
1225 3439 1338 3500 pacem

242 3517 295 3581 hic
324 3517 532 3599 ordinemque
550 3516 702 3580 Ecclesiae
731 3536 816 3579 suae:
856 3517 928 3582 Qua
953 3524 1001 3580 est
1031 3525 1138 3581 autem
1168 3519 1339 3601 prudentia

244 3620 380 3684 advertit
395 3619 505 3683 statim
519 3619 582 3682 tria
596 3619 665 3681 haec
687 3639 749 3700 quo
770 3619 957 3682 tenderent:
1005 3623 1034 3681 1.
1057 3620 1208 3702 Episcopi
1229 3642 1339 3686 nomen

245 3745 264 3784 α
280 3723 462 3804 Presbyteri
476 3743 537 3785 aon
551 3727 597 3784 eat
612 3710 822 3784 distinctaml:
867 3723 897 3784 2.
925 3721 1009 3784 Ordo
1025 3729 1147 3785 nonest
1162 3723 1337 3804 distinctus,

241 3825 275 3887 id
290 3833 348 3903 est,
363 3845 423 3887 nec
437 3845 488 3888 res
502 3825 587 3907 ipsa:
626 3827 657 3886 3.·
684 3825 819 3905 Totaque
833 3824 910 3886 adeo
925 3844 976 3886 res
998 3825 1096 3886 divini
1102 3825 1190 3906 juris
1205 3846 1266 3890 aaa
1280 3834 1337 3892 est.

242 3927 308 3993 Qui
322 3927 432 3990 turbas
447 3926 501 3990 hic
515 3946 618 4008 nuper
637 3924 796 3988 dederunt
819 3925 904 4008 apud
920 3947 988 4005 nos,
1005 3926 1083 4008 quid
1107 3927 1193 3990 aliud
1214 3929 1337 3994 hiscere

240 4030 411 4111 poterant?
434 4012 541 4111 quam,
565 4030 595 4090 1.
618 4047 721 4090 vocem
744 4025 869 4108 confuse
886 4030 978 4109 capi;
1002 4031 1033 4092 2.
1055 4050 1115 4092 nec
1130 4031 1180 4092 vel
1192 4051 1257 4094 rem
1273 4033 1338 4095 dis-

242 4131 392 4202 tinctam5
429 4133 461 4194 3.
489 4129 627 4212 denique
653 4131 819 4192 humanam
842 4130 998 4192 inventam
1020 4151 1104 4204 esse;
1139 4131 1179 4196 ab
1205 4133 1338 4198 homine

242 4233 352 4310 fixum,
375 4230 415 4294 ab
437 4231 567 4296 homine
586 4232 677 4315 refigi
700 4253 811 4314 posse:
836 4232 978 4314 adeoque
993 4233 1125 4297 arbitrio
1142 4234 1339 4318 Reipublicae

419 4389 430 4412 ⁸
446 4381 553 4446 [Regina
564 4383 629 4432 obiit
640 4383 681 4432 die
692 4383 721 4432 ii.
731 4382 806 4432 Mart.
819 4383 904 4445 lom]

419 4443 430 4475 l
449 4447 500 4510 [De
512 4448 536 4496 la
548 4447 673 4497 Vocaticn
684 4447 727 4497 des
739 4447 862 4508 Pasteurs,
879 4447 924 4499 lib.
935 4447 951 4498 i.
966 4463 1018 4512 cap.
1031 4447 1053 4498 4.
1070 4463 1095 4512 p.
1107 4449 1160 4512 18.]
