2970 4914
254 255 297 315 60
636 265 753 313 concio
774 264 817 312 11)
840 265 969 313 canaan

255 406 350 470 detur
373 428 393 470 a
418 407 488 469 Deo
513 405 564 468 vel
593 405 657 468 illis
683 405 796 469 melior
825 427 928 484 mens,
956 405 1006 468 vel
1029 403 1142 468 vestris
1167 401 1219 464 his
1248 399 1354 483 major

256 509 396 572 attentio.
441 508 577 571 Utinam
592 529 666 572 vero
684 508 820 590 (Patres)
838 507 937 590 Regia
958 507 1108 591 primum,
1124 511 1292 587 vestraque
1314 522 1354 566 ac

256 611 417 675 Ordinum
432 611 623 674 auctoritate
638 610 809 688 sanciatur,
825 609 1027 693 pecuniarias
1043 609 1085 672 ad
1106 608 1179 671 lites
1194 605 1353 670 mulctam

255 714 362 798 potius
384 721 441 778 aut
461 735 620 777 carcerem
638 713 801 779 adhiberi:
824 714 887 777 hoc
907 734 982 776 vero
1001 711 1124 794 fulmen
1143 711 1184 774 ad
1206 708 1354 794 graviora

256 818 384 897 scelera,
401 818 517 901 quibus
535 840 554 880 a
570 818 642 882 Deo
663 817 857 881 fabricatum
878 824 938 895 est,
957 817 1005 900 (ut
1026 837 1085 900 par
1107 816 1166 899 est)
1186 812 1352 890 reservari,

255 941 316 984 nec
340 920 388 984 ita
412 921 531 1004 passim
556 919 718 1003 prostitui,
745 920 786 984 ad
812 927 1035 1004 contemptum
1064 917 1241 982 tremendae
1265 915 1353 979 illius

259 1024 409 1100 Censura,
431 1022 472 1086 ad
494 1023 679 1086 scandalum
700 1023 862 1101 Ecclesiae,
885 1023 927 1086 ad
949 1021 1155 1106 opprobrium
1177 1026 1274 1102 atque
1296 1017 1354 1080 de-

256 1126 352 1190 decus
382 1125 513 1190 Ordinis
542 1133 575 1189 et
605 1125 804 1189 auctoritatis
830 1126 966 1189 Vestrae.
1015 1125 1067 1188 En
1093 1123 1184 1188 vobis
1212 1121 1350 1206 (Patres)

256 1229 296 1293 de
326 1251 438 1294 acervo
466 1229 690 1312 manipulum:
724 1229 759 1311 in
786 1229 903 1312 quibus
933 1227 1099 1294 commode
1128 1226 1217 1291 vobis
1245 1223 1354 1288 veniat

256 1333 292 1395 in
317 1338 470 1410 mentem,
496 1331 695 1395 commodius
720 1339 864 1396 vertatur
887 1331 922 1394 in
947 1330 1071 1414 prexia,
1087 1330 1242 1392 Vestrum
1267 1327 1356 1389 istact

257 1435 417 1498 attendite.

302 1539 383 1604 Quae
406 1559 480 1601 vero
502 1537 592 1601 vobis
617 1559 719 1616 mens,
745 1537 829 1621 quod
854 1537 1022 1601 consilium
1047 1542 1096 1600 est
1124 1534 1273 1618 (Patres),
1296 1538 1354 1595 aut

257 1641 334 1724 quid
355 1640 511 1704 tandem?
534 1641 626 1703 malis
645 1641 732 1704 hisce
753 1640 871 1704 nostris
893 1641 992 1703 finem
1016 1639 1129 1702 afferre
1152 1636 1294 1721 potestis,
1311 1656 1355 1697 an

256 1767 323 1809 non
344 1744 501 1828 potestis?
546 1745 625 1808 Non
646 1744 801 1827 potestis?
850 1745 896 1806 Ta
918 1765 994 1827 ergo
1015 1745 1157 1821 Domine,
1174 1740 1356 1804 miserabere

258 1849 372 1927 Sionis,
404 1849 477 1930 qnia
503 1854 621 1929 tenipus
637 1846 790 1928 faciendi,
816 1849 890 1929 qnia
914 1854 1031 1929 tempas
1059 1849 1169 1911 aenit⁸.
1215 1845 1354 1910 Potestis

256 1952 356 2015 vero?
379 1957 578 2014 nontamen
600 1950 739 2014 arabis:
764 1950 829 2014 scio
852 1958 947 2015 certe.
992 1952 1041 2014 En
1065 1973 1128 2034 quo
1152 1950 1239 2013 enim
1259 1950 1356 2013 Prin-

258 2054 340 2134 cipes
364 2053 494 2117 Christo
523 2074 643 2121 nomeu
672 2053 838 2132 dederunt,
868 2053 996 2117 illorum
1028 2075 1153 2136 quoque
1183 2052 1356 2116 auctoritas

258 2155 300 2218 ad
324 2156 385 2220 hoc
407 2156 600 2220 interveniat
625 2176 754 2220 necesse
778 2162 836 2219 est.
882 2157 945 2220 Per
969 2156 1065 2219 Illam
1089 2157 1188 2239 igitur
1210 2162 1355 2220 nostram

258 2259 423 2341 optimam,
454 2265 487 2322 et
516 2258 605 2322 vobis
640 2258 700 2341 (uti
732 2258 844 2340 fertur)
880 2258 957 2321 satis
987 2264 1146 2322 attentam
1175 2259 1355 2339 Principem

257 2361 371 2444 potest'
403 2387 409 2426 :
448 2362 536 2426 Nam
554 2383 617 2445 qua
637 2361 722 2445 apud
736 2363 818 2425 Eam
834 2362 938 2444 gratia
952 2361 1073 2440 valetis,
1091 2362 1194 2426 sicubi
1209 2363 1354 2425 attentio·

257 2485 326 2527 nean
340 2464 376 2527 in
390 2465 535 2528 Ecclesia
550 2470 655 2527 vestra
669 2464 788 2548 requiri
802 2464 972 2528 unanimes
987 2487 1053 2528 una
1066 2485 1143 2528 voce
1158 2464 1354 2547 significetis,

257 2568 450 2650 permissura
469 2575 555 2632 certe
576 2567 664 2632 vobis
688 2575 737 2632 est
760 2567 803 2646 id,
823 2575 861 2630 ut
880 2567 1014 2646 faciatis,
1038 2567 1123 2650 quod
1137 2589 1193 2631 vos
1217 2567 1356 2650 Spiritus

261 2671 398 2734 Sanctus
413 2671 483 2733 vult
497 2670 610 2748 facere,
628 2670 775 2753 quodque
788 2691 844 2733 vos
860 2691 897 2733 eo
919 2670 989 2733 loco
1006 2671 1123 2750 poenit,
1139 2676 1176 2733 ut
1198 2670 1354 2735 faceretis.

259 2773 456 2836 Permissum
490 2772 642 2855 (inquam)
676 2771 775 2850 vobis,
807 2772 944 2854 Ipsaque
973 2793 1040 2835 non
1069 2772 1176 2836 minus
1205 2772 1354 2852 libenter,

260 2896 356 2958 quam
372 2875 491 2938 Paulus
505 2874 582 2957 ipse,
597 2873 686 2937 vobis
702 2873 836 2951 dictura,
852 2874 1026 2936 Attendite.

303 2977 371 3040 Vos
391 2974 486 3040 modo
509 2981 634 3039 tentate
656 2975 781 3039 isthuc:
804 2974 964 3038 vindicate
980 2975 1047 3039 Vos
1071 2983 1103 3039 et
1125 2976 1213 3039 hunc
1231 2998 1371 3040 sacrum·

261 3081 389 3144 Coetum
405 3078 444 3142 ab
459 3079 515 3141 illa
535 3077 703 3156 calumnia,
720 3078 791 3162 cogi
812 3099 872 3141 nos
894 3086 931 3141 ut
953 3080 1109 3161 dorelopio
1130 3079 1237 3162 potius
1261 3102 1358 3163 quam

256 3182 348 3263 prepi
377 3181 597 3244 attendamus:
645 3179 812 3244 Obstruite
849 3201 884 3244 os
921 3181 1094 3260 maledicis,
1131 3182 1186 3264 qui
1216 3183 1359 3264 Synodaa

260 3289 385 3347 nostras
421 3281 656 3365 negotiationes
692 3302 795 3346 meras
832 3282 1028 3365 appellitant,
1057 3290 1095 3346 ut
1123 3283 1214 3346 atico
1250 3284 1358 3366 potius

261 3407 358 3469 quam
373 3385 500 3451 Christo
520 3384 715 3462 consulatur,
730 3391 831 3468 utque
853 3385 948 3449 initio
970 3385 1045 3464 dixi,
1062 3387 1231 3449 attonsioni
1251 3390 1359 3470 propia

259 3488 478 3571 potiusquam
500 3487 673 3550 attentioni.
721 3487 843 3550 Saltem
862 3487 896 3550 id
918 3487 1038 3567 docete,
1055 3488 1122 3552 dies
1137 3488 1195 3552 has
1210 3511 1359 3554 aenaeae

261 3612 339 3669 esse,
362 3612 430 3654 non
452 3610 507 3653 vos
530 3590 658 3652 vitricos
678 3589 848 3663 Ecclesia
871 3611 931 3653 nec
949 3611 1005 3654 vos
1029 3591 1140 3654 Officio
1162 3599 1278 3671 vestro,
1302 3594 1359 3657 sed

263 3692 363 3757 Vobis
378 3699 523 3776 tempora
538 3691 686 3756 defuisse.

304 3796 372 3860 Vos
396 3796 465 3858 haec
496 3795 543 3877 (ut
569 3794 643 3875 dixi)
674 3799 809 3858 tentate.
855 3795 924 3858 Nos
948 3815 1022 3857 vero
1045 3794 1122 3858 hinc
1148 3817 1186 3858 ex
1208 3796 1359 3864 inferiore

261 3900 341 3976 loca,
358 3897 465 3961 studia
482 3903 588 3960 vestra
611 3903 644 3959 et
666 3901 799 3958 conatus
822 3917 938 3973 sacros,
954 3895 1035 3959 votis
1051 3897 1179 3979 optimis
1194 3900 1359 3965 omnibus-

263 4021 324 4084 que
352 4019 590 4082 prosequemur,
616 4005 654 4061 ut
684 3997 769 4080 quod
799 3998 906 4062 Mileti
936 3999 1065 4078 Paulus,
1096 4000 1183 4064 idem
1207 4023 1263 4066 vos
1293 4003 1358 4085 hic,

261 4103 358 4167 hodie
372 4102 408 4165 in
420 4102 550 4186 Synodo
561 4107 667 4166 vestra
675 4127 685 4179 3
710 4101 886 4164 Ecclesiam
896 4100 1017 4165 Christi
1032 4103 1188 4186 sanguine
1204 4111 1357 4188 emptam,

262 4206 380 4269 Vestra
395 4206 573 4283 attentione,
588 4204 765 4282 intentione,
782 4204 973 4266 contentione
994 4225 1061 4268 non
1084 4205 1250 4288 indignam
1270 4208 1358 4290 judi-

724 4399 734 4420 ⁶
752 4391 790 4440 Ps.
803 4390 842 4439 cii.
856 4393 893 4441 13.
