2970 4914
524 283 618 332 11111
639 282 793 331 nouum.
1146 272 1206 334 191

110 443 148 499 tu
162 458 284 502 morem
300 459 409 522 gerere
424 438 482 517 vis,
498 459 618 502 morem
636 439 703 521 ipse
719 438 826 500 animo
840 443 898 500 tuo
915 457 980 499 non
996 437 1089 520 geris.
1121 438 1210 499 Nam

111 539 152 602 de
169 540 277 604 animo
298 547 356 604 tuo
377 561 416 603 ex
436 541 558 604 calamo
581 542 799 624 conjecturam
824 539 916 603 facio.
962 539 1054 604 Adeo
1074 539 1211 602 enimin

111 662 170 705 nos
195 663 370 726 propensus
393 643 532 706 calamus
558 649 642 720 tuna,
664 650 701 704 ut
726 641 889 724 scripserit
916 640 1022 723 (credo
1044 648 1162 719 autem,
1176 649 1211 704 te

111 764 177 807 non
187 743 312 827 invito),
322 750 469 808 nostrum
480 745 710 827 Episcoporum
720 743 876 808 Ordinem
887 764 956 806 rem
971 763 1039 808 esse
1051 751 1212 827 receptam

111 845 146 908 in
171 847 315 910 Ecclesia
337 846 412 910 inde
439 868 458 908 a
482 848 592 909 seculo
608 846 836 928 Apostolorum.
884 847 984 910 Recte
1014 852 1122 909 autem
1151 847 1212 910 hoc

112 947 281 1031 scripserat
304 950 462 1014 calamus:
486 949 527 1013 Id
542 957 579 1012 tn
593 950 691 1013 litura
706 949 827 1013 scilicet
841 949 1008 1025 induxisti,
1026 949 1154 1032 (nempe
1177 946 1212 1011 τὸ

110 1050 339 1135 Apostolorum)
375 1073 412 1115 ac
440 1052 543 1117 vicem
572 1052 642 1135 ejus
671 1051 832 1133 Apostolis
853 1053 1002 1132 monimo
1030 1049 1211 1134 reposuisti.

112 1154 217 1218 Credo
247 1161 355 1218 autem
382 1156 505 1219 hocin
530 1154 668 1238 gratiam
689 1154 840 1218 Ecclesiae
861 1161 983 1230 vestrae.
1029 1155 1079 1217 Ac
1101 1174 1213 1217 verum

111 1256 190 1320 illud
216 1257 344 1340 quidem
371 1259 456 1341 qnod
479 1258 650 1341 reposuisti
680 1257 852 1340 (Apostolos
870 1256 1051 1338 proclam)
1089 1254 1154 1318 Sed
1181 1261 1213 1318 et

111 1359 191 1422 illud
207 1381 273 1424 non
287 1361 394 1423 minus
409 1382 529 1438 verum,
547 1360 632 1443 quod
647 1359 817 1424 abduxisti.
863 1357 939 1422 Euit
954 1358 1040 1422 enim
1057 1356 1144 1421 Ordo
1158 1356 1213 1419 ille

112 1484 180 1526 non
200 1485 219 1526 a
242 1464 357 1527 saeculo
377 1463 474 1528 modo
484 1465 645 1546 Apostolis
653 1464 820 1545 prosim,-
845 1462 902 1526 sed
924 1469 956 1525 et
979 1461 1019 1524 ab
1041 1461 1112 1544 ipso
1135 1459 1214 1522 adeo

112 1567 222 1628 seculo
237 1566 476 1647 Apostolorum
500 1574 556 1629 aut
579 1588 637 1630 nos
658 1572 728 1630 tota
742 1565 826 1628 fallit
849 1563 1033 1646 antiquitas,
1054 1569 1110 1626 aut
1124 1563 1215 1625 nulla

113 1673 257 1750 superest
276 1667 411 1731 historia
424 1667 577 1732 Ecclesiae
590 1667 655 1731 fide
670 1667 777 1750 digna.
822 1668 937 1730 Totam
954 1665 1179 1748 antiquitatem
1195 1686 1214 1726 1

112 1770 207 1834 nobis
219 1790 286 1833 esse
298 1791 358 1834 nec
373 1770 440 1853 ipse
462 1791 579 1854 negas;
604 1792 647 1833 an
660 1790 734 1834 vero
750 1768 901 1833 Ecclesiae
912 1769 982 1853 jam
995 1768 1054 1830 ulli
1072 1768 1144 1850 plus
1159 1767 1214 1830 de-

112 1871 290 1951 ferendum,
302 1895 399 1956 qnam
409 1872 595 1956 antiquitati
605 1872 676 1952 toti,
688 1872 757 1956 ipsc
770 1872 896 1936 videris.
944 1872 980 1936 si
990 1877 1024 1934 te
1040 1869 1214 1953 sci0,quam

112 1975 215 2058 magis
232 1977 301 2040 haec
324 1976 364 2040 ad
381 1983 417 2040 te
438 1977 538 2041 libere
559 1975 762 2060 ingenueque
785 1974 947 2058 scripsero,
963 1981 1031 2038 tam
1046 1995 1098 2038 me
1112 1973 1215 2056 magis

114 2079 253 2157 amabis3
277 2101 338 2162 ego
352 2087 386 2143 te
400 2079 512 2143 itidem
523 2079 613 2162 paria
625 2099 754 2142 mecum
768 2077 803 2141 in
818 2077 880 2141 hoc
902 2077 1083 2141 facientem.
1128 2075 1216 2139 Audi

114 2202 208 2263 ergo:
231 2182 401 2246 nobishoc
417 2182 494 2244 satis
508 2203 575 2244 non
590 2187 650 2260 est,
661 2181 767 2244 sinon
782 2186 970 2262 aspernetur
985 2181 1055 2263 quis
1071 2186 1216 2242 nostram

47 2288 51 2296 '
114 2283 267 2347 Ecclesiae
281 2283 435 2366 politiam,
459 2289 496 2346 ut
514 2304 583 2346 rem
597 2283 743 2347 vitiosam
763 2289 819 2345 aut
834 2281 1024 2365 improbam.
1071 2282 1113 2345 Id
1128 2282 1215 2345 enim

115 2386 249 2467 agimus,
265 2392 303 2448 ut
317 2386 425 2468 palam
440 2384 493 2464 sit,
509 2385 592 2448 etin
607 2384 761 2463 confesso,
778 2405 849 2447 eam
865 2405 935 2448 esse
956 2383 1041 2467 apud
1055 2390 1114 2447 no‘s
1129 2384 1216 2447 Poli-

114 2489 169 2551 tiae
188 2489 334 2566 formam,
352 2509 422 2571 quae
445 2509 541 2570 quam
563 2487 705 2571 proxime
728 2487 858 2551 accedat
880 2487 921 2549 ad
942 2509 1065 2550 morem
1086 2487 1216 2550 institu-

115 2597 249 2672 tumque
264 2590 416 2654 Ecclesiae
431 2589 551 2672 priscae,
568 2590 633 2654 sive
654 2591 701 2673 (ut
715 2597 753 2653 tu
768 2590 927 2672 concedis)
947 2591 1107 2671 Apostolis
1115 2612 1215 2672 proc

26 2675 31 2692 *
115 2695 193 2773 ima,
216 2693 282 2758 sive
305 2695 354 2777 (ut
379 2695 478 2758 semel
501 2695 679 2777 scripseras,
706 2701 739 2758 et
764 2716 823 2758 nos
849 2695 1086 2778 contendimus)
1116 2695 1217 2778 ipsius

115 2797 312 2878 Apostolicae.
359 2797 447 2864 Quin
464 2797 518 2861 hic
532 2797 618 2861 idem
633 2796 801 2861 nobiscnm
816 2797 946 2876 sentias,
961 2797 1070 2861 nullus
1084 2796 1214 2861 dubito:

116 2898 201 2982 quod
217 2899 327 2984 sentis,
348 2900 377 2963 si
391 2921 450 2983 per
464 2899 640 2964 Ecclesiam
654 2905 794 2964 vestram
809 2905 900 2984 potes
913 2919 980 2982 prae
994 2905 1028 2962 te
1039 2899 1132 2978 ferre,
1148 2920 1217 2962 rem

116 3001 210 3066 nobis
238 3009 424 3085 pergratam
449 3002 580 3066 feceris:
604 3001 720 3065 sinon
743 3008 844 3084 potes,
868 3022 935 3064 rem
959 3022 1027 3065 non
1045 3001 1216 3084 ingratam,

117 3105 144 3167 si
167 3111 278 3169 nostra
292 3105 392 3187 igitur
407 3105 523 3168 dehinc
536 3105 607 3188 jam
620 3105 720 3168 missa
734 3105 856 3168 feceris.
903 3105 1010 3171 Quam
1025 3105 1112 3168 enim
1133 3104 1218 3168 viam

116 3207 278 3290 ingressus
293 3229 336 3286 es,
351 3209 405 3271 vix
419 3208 480 3271 erit
494 3215 532 3271 ut
547 3215 580 3271 et
594 3208 659 3270 tuis
674 3208 799 3290 placere
820 3208 933 3291 possis,
955 3214 988 3272 et
1010 3209 1129 3273 nostris
1150 3229 1219 3272 non

94 3380 97 3387 ¹
118 3310 293 3393 displicere.
329 3311 401 3373 Nec
415 3317 526 3373 tamen
542 3309 569 3372 si
583 3317 693 3373 nostra
708 3311 807 3373 divini
812 3311 900 3392 juris
911 3312 962 3389 sit,
974 3311 1049 3374 inde
1064 3311 1217 3395 sequitur,

117 3413 168 3475 111
183 3412 268 3495 quod
282 3413 349 3477 11111
364 3433 401 3474 ea
415 3413 501 3474 salus
515 3433 576 3474 aaa
590 3414 642 3491 sit,
654 3413 705 3476 vel
716 3413 802 3495 quod
817 3421 901 3477 stare
915 3435 983 3477 non
996 3415 1096 3497 possit
1106 3415 1218 3479 Eccle-

119 3516 174 3578 sia.
221 3516 332 3579 Caecus
358 3515 410 3593 sit,
441 3515 590 3597 quinon
613 3515 720 3579 videat
746 3523 869 3580 stantes
889 3518 957 3580 sine
979 3539 1017 3580 ea
1040 3519 1217 3582 Ecclesias:

119 3619 254 3681 Ferreus
270 3618 322 3695 sit,
339 3617 394 3700 qui
409 3616 607 3704 salntemeis
621 3623 727 3699 neget.
761 3619 832 3682 Nos
842 3640 910 3682 non
924 3641 1033 3682 sumus
1043 3621 1092 3683 illi
1106 3620 1201 3684 ferrei
1213 3645 1220 3684 :

118 3720 222 3783 latum
243 3720 330 3784 inter
351 3719 415 3782 ista
436 3718 608 3782 discrimen
631 3719 790 3802 ponimus.
835 3722 945 3785 Potest
970 3721 1079 3785 abesse
1099 3723 1219 3806 aliquid

120 3824 206 3908 quod
220 3822 321 3888 divini
331 3822 413 3907 juris
430 3821 481 3901 sit,
497 3822 543 3906 (in
559 3822 713 3886 exteriore
723 3823 852 3906 quidem
866 3823 1044 3907 regimina)
1057 3834 1094 3888 ut
1108 3833 1219 3890 tamen

120 3927 246 3991 substet
269 3927 372 3990 salus:
395 3947 456 3990 nec
473 3933 512 3990 tu
530 3926 631 4009 igitur
645 3926 773 3990 addices
797 3928 941 4006 Tartaro,
962 3934 1018 3990 aut
1037 3931 1189 3998 scatentia

121 4031 330 4092 damantionis
336 4028 426 4109 feres
440 4030 474 4092 ia
485 4050 611 4111 gregem
626 4036 726 4092 tuam:
749 4030 827 4093 Non
837 4037 885 4093 est
898 4029 959 4094 hoc
974 4031 1125 4096 damnare
1140 4054 1219 4111 rem,

121 4131 235 4196 melius
249 4130 298 4192 illi
312 4130 433 4214 aliquid
448 4139 651 4215 anteponere.
682 4133 760 4196 Non
775 4139 825 4195 est
838 4134 901 4198 hoc
915 4133 1067 4198 damnare
1081 4143 1221 4200 vestram

120 4229 307 4306 Ecclesiam,
339 4227 380 4290 ad
408 4228 547 4292 formam
572 4230 669 4293 aliam
707 4251 777 4312 quae
813 4231 876 4295 toti
906 4232 1091 4316 antiquitati
1119 4236 1221 4318 magis

119 4331 250 4415 placuit,
271 4329 316 4413 (id
336 4330 396 4412 est)
416 4329 457 4392 ad
471 4338 615 4395 nostram
630 4353 777 4397 revocare
786 4360 796 4412 3
821 4333 887 4413 sed,
902 4334 960 4398 ubi
982 4336 1071 4399 Dens
1086 4336 1220 4416 dederit,

122 4441 219 4498 atres
234 4437 347 4496 vestrae
370 4431 484 4495 ferent.
530 4435 581 4497 De
595 4435 657 4498 hoc
679 4435 706 4497 si
728 4436 896 4499 conveniat
917 4437 1003 4501 inter
1021 4460 1091 4517 nos,
1109 4446 1224 4503 caetera
