2970 4914
535 277 655 339 eurum
677 278 823 343 iuoosrr,
841 267 935 329 1606.
1238 265 1283 331 '67

180 429 252 514 figit
267 430 474 498 consultores
489 432 584 517 ipsos.
630 435 739 519 Atque
753 436 809 516 ita,
825 437 961 520 Reqtaa
980 439 1112 503 salutem
1126 445 1284 521 'operatur

178 533 336 600 inmedio
350 543 486 600 terram.
1042 603 1044 607 .
1198 612 1201 617 ,

222 638 367 703 Decursa
376 640 447 724 jam
462 641 563 720 iberi,
579 641 714 707 demitto
726 664 778 706 me
794 644 835 707 ad
848 645 1055 726 Hypotbesia.
1079 645 1151 726 Ipse
1166 651 1213 708 ea
1227 647 1280 727 pai

177 745 260 804 eruit
282 742 436 806 Davidem
469 765 590 809 seruum
614 765 712 824 mam,
740 752 792 832 ⁸5⁰·
841 747 925 811 Inde
951 754 1059 811 autem
1088 747 1281 832 principium

177 865 279 916 sumo,
325 847 476 911 Senator
490 849 624 912 omnium
639 851 794 920 homiuum
811 851 907 930 Deus,
929 852 1064 914 maaime
1079 858 1181 914 autem
1197 851 1279 932 flde-

177 949 252 1010 lium
262 976 272 1010 :
296 950 338 1014 D.
355 951 450 1015 Pauli
464 958 521 1030 est,
535 955 551 1015 1
564 951 646 1015 Tim.
661 952 702 1017 iv.
717 955 769 1017 10.
801 953 897 1018 Addo
912 975 980 1036 ego,
998 954 1148 1018 Servatur
1161 955 1279 1038 Regum

172 1053 330 1116 omnium:
353 1056 488 1118 maxim
503 1061 606 1117 autem
615 1054 769 1136 fidelium.
815 1056 996 1140 Utrobique
1011 1055 1098 1120 enim
1112 1057 1195 1122 ratio
1209 1079 1276 1141 par.

177 1155 231 1218 Sic
261 1156 386 1239 colligo.
433 1157 469 1221 Si
498 1179 593 1240 super
622 1160 727 1242 Reges
757 1159 893 1225 excubet
917 1159 1036 1224 Divina
1064 1159 1275 1243 providentia,

175 1257 281 1340 Reges
309 1258 485 1339 indefinite,
514 1261 619 1343 Reges
644 1260 680 1324 in
706 1281 843 1345 generes
867 1261 957 1328 Quid
985 1282 1080 1344 super
1109 1262 1214 1345 Reges
1243 1271 1276 1327 et
1330 1272 1365 1330 ss':

174 1361 285 1424 fideles
309 1361 405 1446 ipsos,
431 1370 464 1426 et
492 1363 635 1427 fidelium
662 1364 838 1428 Rectores?
886 1365 922 1429 Si
949 1365 986 1427 in
1009 1364 1152 1447 Regibus
1181 1373 1275 1432 terrae

172 1463 340 1545 mirabilis,
357 1465 435 1549 quid
449 1465 485 1529 in
501 1466 657 1550 Regibus,
670 1467 823 1532 Ecclesiae
838 1475 871 1531 et
877 1467 960 1549 filiis
974 1475 1007 1532 et
1021 1469 1208 1532 nutritiisss?
1239 1471 1275 1534 Si

172 1567 208 1631 in
219 1569 361 1634 Assuero
373 1570 523 1649 Ethnico,
540 1570 618 1654 quid
632 1570 668 1634 in
679 1570 802 1634 Davide
812 1571 975 1654 Religioso
986 1577 1019 1634 et
1032 1571 1086 1654 pio
1100 1571 1273 1655 Principe?

172 1671 261 1736 Nam
272 1670 373 1758 (quod
389 1673 467 1736 scite
487 1672 526 1737 de
547 1694 585 1736 eo
600 1673 681 1736 dixit
701 1673 786 1736 filius
803 1673 915 1738 Siracb
928 1675 948 1756 ε)
968 1675 1057 1738 Sicut
1073 1676 1169 1758 adeps
1183 1695 1271 1757 sepa-

170 1782 261 1838 ratas
284 1783 367 1840 esta
387 1797 481 1840 carae
495 1777 648 1850 cictimoe;
671 1778 718 1840 ita
738 1777 847 1840 David
860 1777 898 1840 de
912 1777 1049 1860 Regibus
1067 1779 1189 1841 Tcrrae⁰
1201 1805 1212 1841 .··
1224 1786 1273 1855 ¹ut

170 1879 255 1961 quod
272 1881 376 1964 Reges
392 1887 468 1944 sunt
482 1880 568 1944 inter
582 1880 739 1959 homines,
762 1880 797 1944 id
813 1880 919 1945 David
932 1881 1019 1944 inter
1034 1881 1150 1963 Reges.
1185 1881 1274 1947 Quid

170 2003 246 2066 ergo
271 1985 416 2047 facturus
436 1984 493 2048 Illi
518 1985 631 2048 Deus?
659 1983 736 2067 quid
750 1983 790 2047 iis
814 1983 967 2063 facturus,
989 1983 1045 2067 qui
1063 1983 1182 2047 similes
1205 1984 1271 2063 Illi,

161 2084 283 2165 fideles,
298 2093 334 2150 at
344 2089 460 2167 David,
476 2088 511 2150 ia
524 2088 607 2151 omui
622 2087 710 2150 domo
725 2087 836 2169 guel?
866 2087 1049 2167 Enimvero,
1066 2110 1137 2172 quae
1152 2088 1223 2154 aliis
1236 2089 1271 2153 in

170 2189 313 2272 Regibus
329 2189 466 2273 singule,
491 2209 529 2254 ea
547 2189 584 2253 in
598 2189 732 2268 Davide,
753 2189 816 2268 hic,
832 2191 1005 2274 conjuncta
1017 2191 1165 2274 reperias.
1201 2191 1271 2254 Rea

167 2290 322 2377 (scilicet)
338 2299 371 2356 et
390 2293 505 2356 Servus
526 2293 607 2356 Dei:
633 2293 752 2372 Quare,
769 2299 802 2356 et
822 2293 898 2376 quia
920 2293 1000 2372 Rea,
1020 2295 1151 2356 salutem
1172 2294 1269 2372 dabit,

167 2401 200 2457 et
215 2395 291 2478 quia
306 2396 431 2475 Seruis,
447 2402 534 2459 erret
549 2417 569 2458 a
580 2396 690 2478 plodio
704 2397 850 2478 maligno.
889 2395 992 2462 Quod
1005 2397 1084 2474 Rea,
1101 2417 1271 2460 commune

166 2496 265 2562 babet
276 2519 352 2563 cum
365 2499 499 2582 reliquis
511 2499 666 2565 Gentium
680 2498 834 2582 Regibus,
847 2498 962 2583 quibus
973 2520 1030 2564 cur
1044 2499 1092 2561 ita
1101 2498 1272 2583 prospiciet

168 2601 266 2680 Deus,
292 2623 388 2666 causa
409 2601 509 2681 nulla,
530 2602 596 2666 nisi
621 2608 751 2666 tantum
776 2602 852 2686 quia
872 2603 987 2684 Reges.
1033 2602 1130 2669 Quod
1146 2603 1270 2681 Seram,

167 2705 329 2788 peculiare
344 2706 406 2798 hqc
421 2706 485 2785 Illi,
501 2727 567 2789 prae
582 2705 722 2789 reliquis.

210 2809 260 2872 Ac
280 2829 385 2874 servos
409 2809 539 2893 quidem
562 2811 636 2874 suos
656 2808 793 2873 servabit
808 2809 907 2884 Deus,
923 2808 1062 2892 cujusvis
1081 2809 1131 2871 vel
1151 2809 1271 2874 infimae

166 2911 370 2992 conditionis,
380 2932 492 2976 omnes
503 2936 519 2977 ::
536 2913 642 2994 Reges
656 2932 731 2976 vero
746 2925 861 2990 servos,
878 2931 974 2994 super
988 2923 1110 2989 omnes,
1126 2911 1170 2974 Et
1185 2911 1269 2994 quia,

166 3020 205 3078 ut
220 3016 330 3098 Reges,
348 3035 410 3097 per
429 3016 530 3096 paam
548 3020 687 3098 reparati,
704 3021 737 3078 et
752 3014 836 3098 quia,
851 3020 890 3078 ut
906 3015 1006 3094 Sari,
1021 3036 1078 3098 per
1092 3014 1198 3099 ipsum
1221 3036 1271 3078 re·

166 3125 300 3201 guntur.
345 3120 488 3194 Domine,
503 3120 623 3182 salvam
637 3117 699 3199 fac
715 3119 847 3200 Regem:
864 3118 984 3182 Petitio
999 3125 1057 3198 est,
1073 3119 1157 3182 Psel.
1172 3140 1224 3187 xx.
1237 3121 1268 3182 9.

165 3220 358 3304 Salaamfac
368 3222 498 3287 Seruum
513 3227 607 3300 tuam,
623 3222 720 3300 Deus,
743 3221 872 3299 Petitio,
888 3221 971 3286 Psal.
987 3220 1102 3285 lxxxvi.
1114 3225 1165 3299 2.;
1186 3222 1269 3304 peti·

164 3322 212 3387 tio
225 3344 300 3403 una,
316 3330 349 3387 et
366 3344 433 3387 non
447 3344 530 3388 una:
552 3344 629 3401 una,
650 3323 687 3385 in
702 3322 843 3399 Davide3
867 3344 935 3386 non
952 3343 1027 3401 una,
1050 3323 1085 3386 in
1097 3322 1267 3410 omnibus,

164 3425 244 3491 Non
258 3426 345 3490 enim
360 3446 470 3490 omnes
485 3425 577 3489 servi.
623 3426 696 3489 Imo
710 3445 794 3503 vero,
818 3445 929 3488 omnes
947 3424 1037 3490 Serui
1058 3426 1138 3509 ejus,
1158 3447 1269 3489 omnes

165 3529 270 3612 Reges
287 3536 393 3615 terrae.
435 3530 479 3594 Et
494 3528 623 3612 quidem
643 3527 689 3590 sic
707 3533 765 3604 est,
781 3548 892 3595 omnes
908 3535 993 3591 sunt.
1032 3528 1154 3595 Omnes
1168 3528 1267 3604 enim,

163 3632 224 3695 etsi
238 3632 352 3716 ignari,
369 3631 430 3696 etsi
442 3631 546 3709 inviti,
562 3651 674 3703 omnes
697 3637 807 3693 tamen
822 3629 1161 3694 faciuntvoluntatem
1176 3631 1266 3713 EJ'us.

164 3736 288 3821 Omnes
312 3742 400 3811 sunt,
423 3736 478 3799 sed
504 3735 602 3818 (quod
621 3733 723 3798 nostri
745 3733 901 3817 propositi
922 3733 981 3816 est)
1008 3754 1075 3797 non
1098 3753 1210 3796 omnes
1234 3745 1267 3802 se

163 3846 353 3922 agnoscunt,
382 3860 450 3902 non
479 3860 591 3903 omnes
621 3859 654 3902 se
678 3844 796 3921 gerunt
825 3844 864 3900 ut
889 3856 1004 3900 savos.
1051 3837 1167 3906 Seruus
1188 3836 1268 3919 Ejus

162 3925 474 4007 Nabuchodonosor.
521 3942 575 4007 Sic
591 3941 678 4006 enim
692 3960 749 4024 per
764 3941 786 4003 J
787 3939 940 4004 eremium
955 3939 1061 4003 Deusr
1085 3939 1179 4017 Ecce,
1195 3939 1267 4001 dedi

161 4045 452 4110 Nabuchodonosor
473 4065 561 4109 seruo
586 4065 653 4108 meo
679 4044 783 4107 omnic
807 4044 916 4126 Regna
938 4045 1003 4105 itae
1016 4051 1042 4105 r.·
1065 4042 1112 4108 At
1130 4041 1191 4106 hoc
1210 4042 1266 4106 ille

161 4155 273 4219 tamen
295 4169 362 4213 non
384 4148 532 4232 agnovit:
556 4149 635 4213 Non
658 4145 798 4230 agnovit,
814 4146 864 4210 vel
887 4166 919 4209 se
942 4165 1078 4223 servum
1100 4145 1264 4217 velillum

163 4252 351 4317 Dominum.
368 4304 370 4310 Α
388 4251 442 4315 Sic
457 4251 544 4315 enim
558 4251 599 4316 ad
613 4257 679 4315 tres
694 4270 819 4333 pueros,
842 4249 1016 4326 Videamus,
1034 4249 1102 4330 qais
1116 4269 1169 4311 cos
1179 4249 1264 4310 Deus

258 4379 276 4403 ¹¹¹
304 4369 344 4420 Ps.
355 4369 436 4419 lxxiv.
448 4371 500 4434 12]
833 4376 844 4408 Ρ
862 4366 946 4429 [Ocni.
959 4367 1024 4444 Ilab.
1036 4367 1075 4416 iii.
1086 4363 1121 4429 2.]

259 4443 271 4467 ¹¹
288 4370 414 4548 &suin
427 4433 477 4498 23]
832 4432 998 4482 qProuvin.
1012 4433 1049 4482 15.

260 4509 270 4534 ⁰
324 4500 384 4550 clus.
396 4499 467 4550 xlvii.
480 4501 502 4550 2.
832 4505 842 4527 ¹
862 4498 913 4547 ier.
925 4495 1005 4547 xxvii.
1017 4499 1040 4545 6.
1155 4500 1162 4521 ³

948 4581 1002 4641 rt
