2970 4914
540 261 577 308 111
598 261 745 310 nxscnsso
766 263 925 312 11111111.
1239 254 1281 315 81

182 448 187 453 ·
225 418 291 479 Pro
306 413 390 480 hisee
405 417 553 496 omnibns,
569 419 723 499 supplices
741 417 907 499 offeramus
923 419 1054 483 Christo
1072 420 1284 487 Intercessori

178 527 285 583 nostro
310 541 400 583 auom
428 522 532 602 hosius
566 522 754 600 Orationem,
782 521 870 584 Patri
892 542 947 584 etto
972 524 1089 586 noetis
1111 525 1283 588 nominibus

180 622 378 706 offerendam,
395 644 453 706 quo
468 625 528 687 lile
549 624 637 687 nohis
658 626 731 704 hmo,
748 630 813 687 tum
836 624 901 687 aiio
917 631 1037 706 prater
1051 628 1124 706 hoc,
1141 648 1280 710 quaena-

121 770 124 775 -
179 746 236 809 qne
245 728 354 809 oniqoe
368 733 508 790 nostrum
523 729 671 809 eopedire
684 728 919 810 donominatum
934 730 1168 793 clementissime
1177 731 1281 816 bonip-

178 831 362 912 nissimeque
378 832 545 911 impietur.
591 832 689 894 Pater
703 837 823 909 noster,
840 832 895 894 &e

220 1139 248 1202 Ι.
272 1140 321 1203 En
338 1141 499 1223 pandebit.
546 1142 651 1226 Caput
678 1143 753 1221 voti,
774 1143 934 1225 pendium.
980 1144 1024 1208 Et
1050 1143 1180 1226 quidem
1203 1164 1278 1206 eum
1289 1131 1401 1260 &iffi

175 1243 282 1310 fausta
300 1248 410 1312 omnia
433 1249 582 1332 cuiquam
605 1256 716 1333 optare
740 1249 897 1332 cupimus,
921 1249 1000 1332 quid
1020 1250 1108 1313 aliud
1129 1256 1277 1333 optemus
1289 1268 1386 1315 natura.

175 1352 448 1434 quampoudere?
491 1352 602 1437 Majus
618 1352 705 1416 enim
726 1352 880 1415 meliusve
900 1352 983 1415 nihil
998 1360 1058 1430 est,
1075 1353 1160 1436 quod
1175 1353 1277 1436 possit

175 1453 286 1534 optari.
331 1455 423 1520 Dixit
438 1455 646 1520 Ambrosius:
674 1456 769 1519 Omne
783 1457 899 1518 mnium
914 1456 1047 1536 addimit,
1064 1476 1151 1519 omne
1166 1457 1276 1519 bonum

130 1590 136 1595 -
173 1575 234 1617 ano
247 1557 339 1620 verbo
355 1559 447 1638 dieii,
465 1558 519 1641 qni
540 1557 695 1641 gaudium
711 1559 803 1620 dimit.
825 1568 827 1573 ’
851 1557 938 1621 Scite
958 1558 993 1622 id
1015 1565 1125 1622 autem
1143 1565 1175 1622 et
1190 1581 1273 1623 vere.

174 1657 320 1722 Primum
334 1661 421 1724 enim
436 1661 549 1745 procul
563 1682 633 1725 esse
648 1668 774 1744 oportet
789 1682 886 1725 omne
906 1663 1031 1740 molum,
1047 1668 1085 1725 ut
1100 1662 1183 1725 adsit
1194 1684 1273 1745 poa-

174 1761 267 1826 diam.
292 1764 379 1827 Nam
392 1765 418 1827 si
429 1765 719 1828 morbnsmolestus
734 1771 784 1828 est
794 1765 945 1848 corporis,
958 1764 986 1827 si
997 1765 1147 1847 aptitudo
1163 1765 1272 1842 animi,

138 1922 141 1927 .
173 1865 200 1927 si
219 1867 271 1929 vel
293 1874 401 1946 metuo,
417 1869 470 1959 vel
488 1871 549 1946 iro,
570 1870 621 1932 vel
642 1889 693 1932 res
717 1869 863 1946 adaman,
885 1868 1045 1932 exclusiva
1064 1869 1177 1950 paudii
1197 1878 1273 1932 sunt

172 1970 278 2034 omnia
294 1971 372 2035 haee.
418 1973 532 2037 Unum
552 1974 668 2037 horum
691 1972 825 2055 quodvis
847 1972 874 2034 si
892 1971 986 2051 adsit,
1002 1994 1068 2036 non
1089 1973 1164 2036 licet
1179 1994 1271 2036 usur-

171 2094 247 2157 pare
261 2095 372 2139 vocem
387 2077 482 2157 hano,
497 2077 545 2140 Et
555 2077 716 2160 pandebit.

214 2178 286 2240 Etsi
298 2187 407 2242 autem
416 2180 553 2244 nimium
562 2180 640 2244 boni
649 2187 708 2259 est,
719 2180 771 2243 eui
786 2180 869 2243 nihil
881 2187 931 2243 est
946 2178 1051 2254 maot-
1073 2187 1195 2260 tamen,
1212 2202 1271 2244 neo

172 2279 198 2342 si
213 2281 295 2345 nihil
309 2289 358 2346 est
370 2283 457 2362 mali,
471 2285 549 2347 satis
562 2284 606 2362 id,
619 2291 656 2347 ut
668 2284 807 2367 pandent
819 2283 900 2366 quie.
939 2284 1024 2346 Satis
1038 2283 1073 2346 id
1089 2284 1218 2367 quidem
1231 2284 1271 2346 ad

169 2364 387 2449 indolentiam:
403 2388 443 2451 ad
451 2389 683 2470 pendiummon
696 2387 783 2451 satis.
801 2387 993 2451 Etiambono
1002 2387 1112 2452 adesse
1122 2409 1200 2471 opus
1210 2394 1267 2451 est.

169 2488 242 2552 Nec
261 2489 323 2552 ista
342 2491 506 2554 minorum
528 2491 683 2573 gentium,
701 2511 772 2574 quae
793 2489 870 2553 satis
888 2489 993 2572 (forte)
1012 2491 1052 2553 ad
1066 2491 1267 2573 puadiolom;

169 2600 203 2655 at
225 2614 291 2658 non
314 2595 355 2658 ad
375 2597 538 2677 pendium,
563 2594 628 2658 nisi
646 2602 739 2658 tanta
761 2594 835 2672 sint,
851 2601 889 2656 ut
909 2593 1042 2657 exsistat
1065 2594 1142 2658 inde
1168 2593 1268 2658 animi

168 2695 264 2760 elatio
274 2698 419 2781 quaedam
429 2694 553 2784 placida
568 2706 663 2782 atque
679 2705 838 2776 constans,
852 2718 947 2780 quam
959 2699 1111 2779 pendium
1122 2697 1266 2762 dicimus.

167 2798 219 2864 En
230 2799 330 2882 igitur
338 2802 496 2866 malorum
512 2803 658 2866 omnium
673 2823 781 2866 exsors
797 2800 839 2865 sit
854 2807 980 2884 oportet
996 2808 1028 2864 et
1043 2801 1156 2886 impos,
1166 2801 1267 2866 bono-

165 2913 362 2970 fumantem
377 2928 513 2991 compos
524 2909 576 2972 cui
587 2908 737 2990 paediam
749 2927 917 2970 vovemus:
944 2905 1164 2989 Semiplenum
1179 2906 1267 2969 enim

165 3028 233 3071 non
247 3030 407 3078 vovemus.
453 3012 587 3096 Absque
602 3011 653 3074 his
669 3017 778 3074 autem
790 3009 943 3093 pendium
957 3009 1088 3092 plenum
1104 3016 1243 3072 nonest.

209 3111 274 3176 Sed
288 3113 376 3176 enim
391 3116 417 3177 si
432 3116 564 3199 plenum
580 3114 632 3193 sit,
645 3122 756 3178 votum
771 3114 903 3198 plenum
919 3120 976 3191 est,
994 3119 1090 3196 atque
1105 3113 1185 3176 adeo
1199 3113 1267 3176 voti

163 3214 349 3297 plenitudo:
372 3223 485 3282 votum
500 3240 673 3296 summum,
689 3225 786 3301 atque
802 3217 881 3280 adeo
896 3224 1042 3280 votorum
1059 3238 1193 3280 summa.
1227 3217 1266 3280 Id

163 3323 272 3382 autem
287 3320 337 3383 vel
351 3321 413 3385 hoo
428 3324 628 3404 argumente,
645 3320 731 3402 quod
746 3339 880 3382 summae
897 3319 1055 3397 Persona,
1077 3319 1163 3403 quod
1177 3320 1267 3401 Repi

162 3422 245 3486 nihil
258 3424 356 3489 habet
371 3426 513 3509 Populus
529 3425 592 3490 Dei
605 3425 641 3486 in
657 3425 785 3488 Psalmo
801 3423 885 3506 quod
901 3424 1005 3506 magis
1021 3431 1161 3508 exoptet.
1185 3424 1267 3505 Repi

163 3526 247 3607 qnod
260 3536 352 3592 vovet
366 3529 515 3614 populus,
526 3535 682 3591 'mensura
697 3533 745 3590 est
760 3527 846 3589 voti:
872 3525 974 3606 Super
989 3547 1078 3608 qoem
1093 3525 1180 3589 enim
1195 3531 1267 3587 sunt

162 3629 318 3695 desiderio
342 3634 438 3696 totius
460 3633 571 3711 lsrael,
599 3632 661 3693 nisi
686 3650 779 3712 saper
808 3630 867 3691 Teg
892 3628 982 3710 (dicit
1008 3628 1098 3692 Sauli
1126 3628 1267 3706 Samuel,

160 3733 241 3816 Repi
251 3735 320 3818 jam
335 3736 526 3819 designato).
565 3735 673 3799 Nemo
688 3732 842 3808 omnium,
859 3731 911 3794 eui
925 3731 1050 3809 melius,
1067 3731 1119 3794 cui
1134 3731 1266 3794 meliore

160 3854 285 3922 cupere,
317 3848 436 3923 optare,
467 3839 604 3903 ominari
633 3837 797 3914 debemus,
829 3856 924 3918 quam
953 3835 1102 3897 laicanae
1133 3833 1264 3913 israele,

161 3941 297 4022 Spiritui
312 3945 377 4006 oria
391 3942 514 4023 nostrii,
531 3941 659 4006 Christo
675 3939 816 4029 Domini.

204 4045 365 4111 Meditato
388 4055 497 4111 autem
520 4053 710 4130 conceptum
730 4044 759 4108 ei
779 4049 884 4106 votam
902 4043 974 4120 hoo,
991 4043 1081 4123 quasi
1103 4043 1153 4106 vel
1174 4043 1263 4126 Rege

160 4148 294 4232 dignum
313 4151 349 4212 in
364 4151 491 4214 Psalmo
507 4150 609 4234 Regio
624 4148 731 4226 XXI,
748 4147 881 4209 Domine
896 4146 1059 4207 inviolate
1077 4151 1131 4208 too
1145 4146 1262 4208 intubi-

159 4257 212 4314 tur
226 4252 325 4316 neat
360 4255 554 4327 Lataottom
571 4252 659 4315 idem
674 4258 722 4315 est
738 4249 853 4327 dicere,
869 4248 915 4310 Et
924 4248 1083 4329 pandebit.
1121 4250 1263 4313 Tantum

256 4380 265 4412 f
282 4381 393 4445 [Ennius
403 4382 470 4446 apud
482 4381 534 4432 Cio.
546 4381 577 4430 de
593 4380 649 4431 nin.
667 4380 712 4429 lib.
724 4379 750 4429 ii.
861 4376 872 4407 ¹¹
890 4379 905 4426 2
917 4377 983 4428 Sam.
994 4378 1049 4453 xxi.
1062 4378 1102 4429 17.
1175 4368 1181 4375 ¹

223 4460 275 4509 cap.
290 4447 339 4507 13.l
863 4441 869 4473 ¹
889 4441 1077 4491 'l'hren1u2h

256 4520 268 4551 ⁸
286 4514 298 4560 1
312 4511 378 4560 Sam.
390 4512 426 4560 ix.
438 4513 477 4561 20.
861 4506 872 4537 ¹¹
890 4507 955 4556 Psal.
967 4508 1019 4556 xxi.
1031 4509 1053 4556 1.

201 4606 259 4642 sno.
277 4607 314 4642 oe.
333 4607 415 4642 nosen.
980 4608 1001 4650 ρ
