2970 4914
269 283 332 345 lm
582 282 1047 366 mmmmmhmm

268 457 392 534 agatur,
418 451 531 534 quinto
557 451 667 535 etiam)
685 452 830 536 legitime
855 461 986 517 vocatus
1008 455 1068 517 est.
1112 453 1185 517 Nec
1207 457 1265 530 est,
1281 449 1369 535 quod

269 559 403 633 metuat,
417 574 460 618 ne
475 575 510 618 se
525 561 653 618 accuset
673 563 729 618 aut
750 555 866 639 prodat
874 581 884 632 ;
908 562 1075 621 accusatus
1090 556 1160 640 jam
1175 561 1208 619 et
1222 554 1369 637 proditus

269 656 421 738 legitime
466 657 527 720 Est
547 657 632 740 quod
646 665 746 737 curet,
763 679 827 741 quo
841 659 938 723 modo
953 679 986 722 se
1001 665 1185 723 accusatum
1200 657 1246 721 sic
1260 656 1368 740 prodi·
1457 725 1462 732 ,

267 763 402 840 tumque
422 758 566 842 legitime
590 759 750 824 defendat.
804 761 913 844 Atque
935 761 1094 825 hactenus
1117 760 1250 843 dejure
1272 779 1367 823 accu-

268 860 400 925 satorio.

310 964 452 1029 Assumo
470 964 540 1048 jam
564 965 750 1030 secundum.
796 967 856 1045 Re,
872 965 927 1045 sic,
951 965 1009 1029 sub
1030 964 1150 1050 jndice,
1173 964 1209 1028 in
1231 964 1368 1029 dubium

270 1072 391 1146 vocata,
407 1067 459 1131 vel
475 1067 597 1132 fatetur
615 1089 690 1132 reus
709 1067 883 1133 admissum
906 1069 1020 1148 scelus,
1037 1069 1123 1151 quod
1141 1068 1218 1132 fecit
1232 1068 1348 1132 Achan
1356 1093 1367 1147 ς

268 1191 306 1235 ac
320 1177 392 1235 tum
406 1171 442 1234 in
462 1172 645 1237 confessum
667 1173 766 1237 nullae
785 1179 862 1238 sunt
878 1174 899 1236 J
900 1173 1002 1237 udicis
1021 1179 1139 1256 partes,
1154 1173 1218 1236 nisi
1231 1178 1270 1235 ut
1284 1171 1368 1235 ferat

267 1274 480 1338 sententiam:
505 1275 578 1353 Vel,
599 1274 697 1358 (quod
717 1275 784 1340 fere
804 1277 865 1357 fit)
882 1283 998 1358 negat3
1022 1275 1108 1358 quod
1130 1276 1294 1358 eleganter
1314 1275 1366 1338 in·

145 1433 148 1438 .
267 1377 380 1459 primis
396 1377 550 1460 expressit
567 1377 729 1456 Salomon,
746 1379 819 1443 Pro.
835 1378 920 1442 xviii.
932 1381 961 1442 7.
984 1379 1095 1441 Juatus
1109 1384 1165 1454 est,
1182 1379 1236 1459 qui
1243 1378 1369 1459 primus

267 1481 302 1543 ia
316 1482 371 1543 lite
385 1487 441 1556 est,
455 1481 550 1544 donec
563 1483 795 1562 superveniente
803 1484 961 1563 prosimu,
972 1483 1164 1563 pervestipct
1174 1501 1242 1544 cum
1253 1481 1368 1545 Judeor.

268 1583 419 1665 Negante
440 1583 511 1666 jam
534 1603 589 1647 reo
612 1605 670 1667 per
695 1583 928 1667 depulsionem,
952 1591 1059 1648 actore
1076 1605 1134 1667 per
1154 1584 1369 1647 intentionem

268 1685 457 1764 affirmante,
470 1685 573 1750 oritur
581 1687 720 1751 Paulina
731 1689 788 1750 illa
799 1684 975 1770 ἀντιλογία,
986 1687 1026 1751 de
1037 1709 1101 1771 qua
1112 1687 1153 1750 ad
1166 1687 1252 1751 Heb.
1261 1687 1302 1751 vi.
1315 1687 1366 1752 16.

271 1788 375 1871 Cujus
386 1783 572 1870 ἀντιλογίας
586 1787 694 1876 πέρας,
704 1811 762 1854 scu
770 1791 1030 1855 contradictionis
1039 1791 1205 1867 terminus,
1216 1790 1299 1854 illud
1309 1798 1368 1869 est,

268 1891 355 1974 quod
368 1891 405 1955 in
419 1892 509 1956 omni
522 1893 646 1976 judicio
662 1893 826 1977 quaritur,
841 1899 879 1958 ut
893 1894 1015 1958 ibidem
1029 1894 1204 1977 Apostolus
1225 1893 1370 1957 animad-

267 1993 374 2057 vertit.
420 1995 591 2059 Terminus
609 2003 718 2060 autem
735 1996 845 2061 nullus
864 1997 1053 2080 reperietur,
1071 1996 1172 2060 donec
1190 1996 1226 2058 in
1245 1995 1369 2079 aequili-

268 2096 416 2176 briores,
437 2098 471 2162 id
487 2105 545 2178 est,
554 2099 620 2162 nisi
631 2100 731 2164 altera
742 2121 837 2164 causa
850 2100 1033 2165 uberiorem
1043 2099 1161 2163 habeat
1175 2097 1369 2176 βεβαίωσιν,

269 2222 366 2283 quam
381 2201 493 2266 altera.
530 2203 678 2285 Apostoli
693 2224 731 2267 ea
744 2224 805 2267 von
820 2209 868 2267 est
883 2202 995 2267 eodem
1010 2203 1046 2265 in
1059 2203 1139 2266 loco.
1184 2202 1267 2265 Eam
1282 2223 1369 2284 erg0,

269 2324 332 2386 qua
346 2309 438 2387 parte
452 2302 552 2368 lateat
566 2304 738 2388 inquirere,
747 2305 865 2390 judicis
882 2310 989 2388 partes
1011 2311 1096 2367 sunt.
1142 2304 1262 2368 Tenuis
1282 2305 1370 2368 enim

268 2407 369 2486 labor,
385 2407 493 2471 tenuis
507 2408 587 2488 laus,
603 2408 677 2473 lites
692 2408 851 2487 dirimere,
868 2400 939 2492 qirae
952 2407 987 2470 in
1003 2406 1134 2491 proclivi
1149 2413 1235 2470 sunt.
1281 2407 1369 2486 Illas,

269 2530 406 2592 quarum
421 2510 592 2575 obscurum
603 2511 658 2595 jus
674 2517 724 2575 est
739 2517 772 2574 et
786 2510 983 2594 perplexum,
999 2515 1149 2573 excutere
1157 2534 1167 2586 3
1189 2509 1224 2572 id
1240 2509 1371 2572 demum

270 2611 386 2675 Judice
403 2611 547 2695 dignum.
596 2614 729 2676 Causam
743 2633 836 2696 quam
850 2633 911 2676 noa
926 2612 1273 2694 copaovipcmestipuvi
1288 2632 1367 2692 eam,
1410 2640 1412 2644 ·

269 2713 310 2776 dc
326 2735 359 2777 se
371 2714 415 2777 ait
431 2715 506 2779 Job.
523 2735 591 2798 cap.
601 2716 685 2780 xxix.
698 2718 749 2779 16.
786 2714 890 2799 quue
901 2714 1008 2797 ipsum
1018 2713 1129 2777 dextre
1138 2713 1369 2798 commodeque

269 2822 430 2898 praestare,
453 2817 556 2881 honor
579 2823 627 2881 est
651 2817 869 2901 magistratus,
894 2817 939 2880 ait
966 2816 1119 2880 Salomon
1141 2817 1233 2882 Prov.
1249 2839 1320 2882 xxv.
1339 2821 1369 2884 1.

271 2920 333 2985 Oui
357 2921 419 3003 ipsi
443 2921 558 2985 honori
583 2942 710 2985 summo
734 2921 807 3000 fuit,
835 2920 1004 2999 sententia,
1032 2941 1129 3003 quam
1154 2920 1290 2984 tulitin
1314 2921 1372 2986 lite

271 3023 417 3086 omnium
443 3023 640 3103 difficillima,
655 3024 742 3088 inter
764 3045 925 3108 cauponas
949 3023 989 3088 de
1011 3024 1135 3088 incerta
1155 3031 1259 3089 matre
1279 3026 1372 3109 pueri

273 3125 478 3207 superstitis⁸.
523 3127 569 3190 At
590 3125 677 3190 enim
694 3126 879 3210 priusquam
900 3126 1055 3205 adhiberi,
1072 3134 1129 3190 aut
1152 3127 1298 3205 debeant,
1315 3134 1372 3191 aut

272 3229 404 3312 possint,
420 3227 618 3308 βεβαιώσεις
631 3229 705 3309 illae,
715 3229 750 3293 id
761 3236 818 3308 est,
831 3229 1057 3312 probationum
1073 3231 1258 3310 statumina,
1268 3237 1372 3296 status

273 3334 387 3417 aliquis
406 3335 463 3407 fiat
484 3356 614 3400 necesse
637 3342 695 3412 est,
711 3341 744 3398 et
768 3334 858 3418 quasi
880 3334 976 3398 cardo
999 3334 1157 3418 quispiam
1181 3326 1232 3413 sit,
1250 3335 1286 3398 in
1308 3357 1372 3419 quo

272 3459 368 3502 causa
377 3445 530 3520 vertatur,
543 3460 579 3504 ac
589 3439 624 3503 id
635 3439 779 3504 omnium
790 3439 894 3523 primo
909 3445 1064 3515 constare,
1078 3437 1155 3520 quid
1165 3444 1198 3501 et
1208 3459 1372 3522 quousque

272 3544 407 3607 affirmet
418 3544 481 3619 hic,
496 3548 594 3626 neget
607 3542 681 3619 ille;
704 3542 740 3606 in
755 3563 818 3626 quo
832 3541 947 3626 pedem
961 3562 1080 3624 ponere
1094 3551 1241 3624 uterque,
1254 3563 1292 3605 ac
1303 3562 1372 3606 sese
1454 3529 1455 3532 ¹

267 3647 343 3729 jure
361 3668 463 3710 manu
477 3653 661 3710 consertum
675 3665 788 3709 vocare
799 3644 933 3728 possint.
980 3643 1069 3706 Dicit
1085 3644 1106 3705 J
1108 3643 1227 3722 adaeus,
1239 3643 1373 3708 omnino

177 3759 181 3765 ’
270 3748 447 3830 prudenter
470 3749 568 3812 dicit:
591 3749 676 3811 Ante
699 3748 802 3810 omnic
823 3767 936 3828 repone
958 3747 1036 3808 mici
1058 3747 1144 3808 litem
1165 3767 1262 3827 supra
1284 3746 1374 3810 basio
1408 3762 1412 3771 ·

268 3870 369 3929 mum,
388 3853 541 3922 imm)
565 3821 616 3931 by
649 3852 719 3920 N
746 3851 836 3919 Μ).
865 3848 1132 3926 Ωιιοᾱηίἲιιοίιιι,
1149 3849 1210 3912 erit
1223 3849 1284 3931 (uti
1298 3856 1373 3932 apte

271 3952 401 4034 quidem
415 3953 592 4037 loquuntur
607 3975 646 4017 ex
663 3953 814 4017 Proverb.
831 3951 906 4034 xxi.)
927 3951 1010 4015 actio
1024 3957 1094 4015 tota
1118 3952 1189 4046 'l'll
1211 3924 1297 4022 5:17
1303 3953 1322 4031 ι,
1337 3952 1373 4015 id

269 4062 319 4116 est
340 4075 429 4117 mera
453 4057 588 4134 vanitas,
603 4055 701 4118 inter,
715 4061 858 4119 actorem
884 4060 917 4118 et
942 4075 1043 4132 reum,
1066 4054 1145 4117 hinc
1169 4055 1269 4133 illinc,
1284 4055 1372 4119 ultro

270 4155 425 4238 citroque,
442 4157 573 4240 agitata.
620 4157 717 4224 Quod
731 4178 806 4222 cum
825 4176 886 4220 nec
904 4155 940 4219 in
958 4156 1075 4221 scholis
1089 4157 1143 4222 hic
1157 4157 1234 4221 ferri
1248 4158 1368 4240 possit:

269 4257 491 4321 multominus
500 4259 665 4342 injudicio
675 4259 779 4338 debet,
792 4259 882 4342 cujus
894 4279 963 4322 esse
975 4258 1071 4323 debet
1087 4280 1175 4324 sacer
1184 4281 1222 4324 ac
1231 4259 1371 4323 solennis

210 4394 214 4400 ·
269 4380 433 4442 processus
448 4361 561 4440 omnis,
571 4362 703 4447 ipsaque
708 4362 834 4446 justitia
844 4362 991 4446 justitiae,
1006 4368 1043 4424 ut
1058 4368 1116 4440 est,
1133 4363 1230 4426 Deut.
1243 4362 1303 4425 xvi.
1317 4366 1369 4426 20.

452 4479 666 4543 mmmm
954 4480 1238 4545 mmmm>
