2970 4914
477 295 676 342 vfluotoslca
698 295 946 342 DETERMINATIO.
1200 282 1260 342 115

163 452 285 515 bendas
300 451 414 514 habuit
436 472 535 533 aquas
558 470 692 540 amaras,
715 449 892 532 juramenti
908 449 967 527 sui,
984 449 1035 512 vel
1050 448 1115 512 veri
1129 449 1261 528 indices,

162 555 213 618 vel
227 555 298 617 falsi
312 554 453 617 vindices
467 551 619 617 firturasb.

208 659 330 721 Contra
353 658 461 720 aliurn.
507 657 591 721 Cum
606 655 692 718 enim
708 661 827 717 statam
840 675 909 717 rem
924 654 993 717 fore
1008 654 1141 718 cavisset
1156 656 1208 719 lex
1223 677 1263 718 ex

163 782 217 824 ore
233 761 370 823 duorum
384 761 521 822 triumve
534 760 676 836 testium,
690 758 745 841 qui
755 757 857 840 jurati
871 757 1092 820 testimonium
1109 758 1261 821 dixissent

161 864 197 927 in
210 864 401 947 quempiam,
411 865 509 926 Deut.
522 862 586 926 xix.
599 864 660 939 16,
673 883 716 925 ne
731 861 801 944 quis
815 861 957 923 humana
971 860 1157 923 testimonia
1172 861 1262 944 quasi

164 967 271 1030 divina
294 968 423 1030 oracula
444 966 597 1042 haberet,
633 965 778 1048 proximo
804 985 898 1027 versu
924 963 1029 1040 edicit,
1057 964 1127 1026 sisti
1152 971 1259 1026 tamen

163 1091 255 1152 posse
280 1070 385 1132 denuo
411 1076 528 1132 testem
553 1075 755 1150 suspectum
788 1073 820 1129 et
846 1066 966 1149 inquiri
991 1067 1079 1145 adeo,
1108 1088 1149 1129 an
1176 1078 1261 1129 caste

163 1173 351 1256 integreque
374 1179 517 1236 versatus
541 1171 639 1234 fixerit
661 1171 695 1232 in
719 1169 906 1232 testimonio
931 1169 1082 1232 ferendo:
1115 1169 1165 1231 sin
1188 1170 1262 1232 falsi

164 1277 327 1339 convictus
350 1277 457 1354 fuerit,
486 1275 598 1338 eodem
622 1295 751 1357 prorsus
775 1273 931 1356 supplicio
956 1273 1158 1335 afficiendum
1182 1273 1259 1350 fore,

164 1401 226 1462 quo
241 1380 346 1442 fuerat
360 1381 396 1457 is,
410 1401 505 1462 quem
519 1399 611 1441 reum
625 1383 800 1460 peregerat.
834 1375 898 1439 Sed
912 1396 971 1458 ego
986 1396 1114 1458 peccem
1128 1376 1164 1438 in
1178 1384 1261 1439 tem-

163 1503 232 1562 pus,
260 1483 358 1544 etiam
380 1482 416 1543 in
439 1481 596 1563 templum
621 1500 746 1561 quoque
774 1479 878 1560 (cujus
901 1498 960 1540 nos
983 1477 1177 1560 jampridem
1201 1501 1261 1542 vox

163 1585 328 1666 avocavit),
346 1585 373 1646 si
387 1584 522 1646 ulterius
536 1584 675 1646 insector
689 1583 783 1645 hasce
798 1581 945 1664 ineptias,
964 1602 1042 1663 quas
1057 1581 1169 1663 quivis,
1186 1604 1261 1646 cum

162 1688 257 1766 volet,
274 1688 419 1752 obterere
441 1687 559 1771 poterit
583 1685 791 1769 argumentis,
815 1685 861 1747 ita
885 1706 943 1746 sua
965 1691 1077 1767 sponte
1101 1685 1259 1749 diffluunt.

165 1791 277 1854 Reddo
292 1791 392 1872 igitur
406 1812 461 1852 vos
475 1789 575 1867 vebia,
592 1796 625 1852 et
640 1789 803 1852 concludo

216 1894 251 1956 si
283 1895 331 1976 (ut
369 1893 413 1955 ait
448 1892 611 1975 Propheta
626 1893 650 1974 ⁰)
683 1892 872 1975 disponatur
902 1890 1061 1974 judicium
1090 1891 1152 1954 hoc
1185 1893 1260 1974 (quo

163 1995 296 2077 utimur)
315 1995 356 2057 ad
377 1995 496 2057 lineam
506 2021 516 2072 ;
539 2001 573 2056 et
591 1994 718 2077 justitia
740 1995 809 2056 haec
831 1993 872 2055 ad
893 1994 1157 2076 perpendiculum
1171 1996 1260 2058 verbi

163 2098 281 2176 divini,
305 2122 464 2181 nusquam
478 2099 514 2160 in
536 2099 575 2161 iis
597 2099 738 2181 peccari:
763 2099 888 2180 exigere
905 2121 998 2181 posse
1021 2099 1257 2182 magistratum,

162 2201 258 2284 idque
282 2224 301 2264 a
324 2204 402 2279 Reo,
432 2202 621 2284 (praesertim
651 2202 729 2265 dum
757 2223 799 2264 ne
826 2203 969 2284 capitalis
1001 2224 1095 2265 causa
1125 2204 1175 2280 sit,
1204 2211 1259 2266 aut

162 2304 378 2386 sanguinaria)
404 2304 632 2387 jusjurandum
655 2325 768 2366 suum:
792 2304 889 2386 idque
911 2324 1051 2386 eousque
1077 2326 1177 2386 posse,
1194 2307 1259 2368 sive

161 2414 199 2469 ut
213 2407 252 2469 lis
267 2407 359 2471 basin
374 2429 464 2469 suam
480 2407 634 2484 obtineat,
650 2407 728 2469 dum
744 2414 846 2469 status
858 2409 1029 2489 quaeritur:
1054 2407 1118 2470 sive
1133 2415 1170 2469 ut
1185 2431 1258 2490 pro-

162 2509 331 2572 bationum
354 2510 471 2572 veritas
496 2509 662 2586 elucescat,
690 2509 767 2570 dum
792 2509 925 2591 quaestio
950 2508 1098 2571 habetur.
1144 2511 1260 2592 Neque

161 2602 237 2676 vero
248 2614 425 2697 juramenti
441 2620 496 2676 aut
511 2614 600 2689 fines,
618 2619 674 2674 aut
689 2612 845 2690 ordinem,
858 2619 915 2674 aut
930 2633 1064 2674 examen
1081 2633 1211 2694 peccare
1226 2615 1262 2675 in

162 2716 388 2799 Theologiam:
413 2737 449 2778 ac
464 2715 557 2799 proin
572 2715 749 2777 detrectare
765 2736 830 2778 non
845 2736 949 2797 posse.
980 2715 1046 2779 Qui
1061 2715 1261 2793 detrectant;

161 2820 302 2902 primum
327 2819 455 2881 inscitia
478 2818 578 2881 divini
598 2818 681 2902 juris
705 2818 738 2880 id
760 2818 883 2896 facere,
907 2818 1086 2901 periculoso
1109 2818 1184 2880 dein
1208 2840 1262 2882 ex-

162 2923 277 3005 emplo,
305 2922 333 2984 si
357 2922 401 2984 sic
427 2922 522 2984 liceat
553 2922 653 2984 animi
678 2921 796 3011 ¹gratia,
823 2922 858 2983 in
885 2921 1009 3004 judicia
1037 2922 1165 3005 publica
1195 2923 1263 2985 sine

158 3025 280 3107 judicio
306 3024 467 3108 inquirere
479 3051 487 3100 ;
527 3025 553 3086 si
583 3033 713 3088 caeteras
743 3025 835 3107 regni
860 3047 921 3103 res,
949 3033 1175 3108 momentaque
1201 3027 1264 3088 rei-

161 3127 306 3210 publioae‚
323 3127 460 3210 denique
480 3129 534 3210 jus
557 3129 662 3211 ipsum
682 3128 720 3209 (si
745 3151 803 3211 pro
824 3129 918 3191 nobis
941 3151 1005 3192 non
1029 3129 1135 3210 faciat)
1155 3129 1191 3191 in
1209 3131 1263 3213 jus

160 3251 281 3294 vocare.
318 3231 414 3296 Quod
429 3236 550 3292 avertat
566 3253 586 3293 a
599 3231 693 3294 nobis
709 3232 797 3294 Deus
814 3233 888 3314 Opt.
903 3233 1004 3309 Max„
1021 3232 1061 3294 ad
1076 3255 1171 3315 quem
1186 3254 1262 3296 con-

160 3335 243 3397 versi
267 3355 444 3416 precemur,
468 3334 518 3396 uti
543 3334 598 3397 det
622 3335 716 3398 nobis
740 3337 874 3398 modeste
900 3357 1018 3415 sapere,
1041 3343 1071 3397 ct
1093 3339 1207 3398 sentire
1229 3341 1263 3398 ia

161 3437 309 3514 omnibus,
325 3457 454 3499 cernere
477 3436 592 3499 animis
608 3459 704 3518 quam
723 3459 789 3500 non
809 3438 995 3519 religiosum
1016 3438 1066 3514 sit,
1084 3460 1179 3519 quam
1195 3460 1262 3501 non

163 3539 393 3616 Christianum,
410 3537 568 3600 inclinare
579 3539 703 3621 judicia
718 3539 823 3620 gentis
838 3546 973 3600 nostrae:
999 3539 1076 3620 quin
1092 3540 1260 3621 capotius,

162 3663 232 3724 quae
245 3641 478 3723 rempublicam
489 3661 611 3723 nosque
623 3662 735 3704 omnes
747 3647 941 3718 sustentant,
954 3641 1043 3704 omni
1055 3649 1172 3704 conatu
1187 3663 1261 3704 nos-

160 3753 221 3821 tro,
237 3743 385 3807 omnibus
408 3743 532 3826 ingenii
554 3743 659 3805 nervis
683 3764 719 3806 ac
736 3742 856 3806 viribus
877 3750 1066 3807 sustentare.
1113 3743 1261 3807 Proxime

161 3845 248 3908 enim
270 3854 343 3928 post
366 3847 483 3922 Deum,
501 3845 626 3926 Deique
648 3845 782 3924 cultum,
798 3845 1000 3908 verissimum
1015 3852 1063 3907 est
1078 3845 1177 3908 Elihu
1191 3867 1260 3908 ver-

160 3948 238 4011 bum
253 3973 259 4010 :
274 3949 360 4032 sDuo
375 3948 454 4023 haec,
470 3948 635 4009 Justtttam
651 3969 689 4010 ac
703 3948 873 4024 Judicium,
889 3953 1065 4010 antestare
1080 3950 1183 4011 omnia
1192 3947 1215 4010 ἃ.

203 4051 308 4131 Atque
329 4051 376 4110 ita
399 4050 607 4110 determinata
629 4051 706 4110 mitt
722 4050 765 4110 sa't
781 4050 907 4126 liciata,
924 4055 1016 4129 atquc
1030 4051 1151 4111 utinam
1165 4052 1259 4113 etiam

160 4154 337 4214 terminata.

224 4287 235 4318 ¹²
253 4289 277 4337 N
280 4303 330 4337 um.
343 4303 365 4336 v.
377 4289 416 4335 24.
578 4295 589 4316 ²
608 4287 647 4333 aa.
661 4287 751 4334 xxviii.
764 4287 802 4335 17.
961 4286 972 4316 ‘¹
990 4287 1039 4335 Job
1051 4288 1138 4335 xxxvi.
1152 4287 1191 4338 17.

645 4406 775 4497 rrrvrs.
