2970 4914
400 327 404 333 ³
482 251 682 300 runonooron
703 252 952 303 nmnnrmurro.
1202 243 1263 304 111

166 415 265 493 atque
286 409 432 474 odiosum
451 409 540 492 jam:
563 430 614 472 res
637 415 794 493 sumptus,
809 411 953 494 periculi,
968 409 1137 474 infamiaek.
1180 412 1265 475 Sini-

165 535 280 577 musne
290 513 392 576 latere
403 518 437 576 et
452 519 573 576 scatere
589 513 719 592 scelera,
729 521 762 576 et
773 535 864 577 mora
877 514 960 578 vires
974 514 1147 598 acquirere,
1164 514 1265 580 donec

166 623 337 701 erumpant
348 616 480 680 tandem
495 615 536 679 ad
549 615 725 698 perniciem
740 615 960 699 Reipublicae?
1004 617 1059 681 An
1079 617 1155 700 quia
1168 637 1266 681 nemo

166 726 223 784 ant
237 726 353 804 potest,
369 727 427 804 aut
439 719 509 782 vult
527 719 671 802 (perinde
686 719 773 783 enim
789 727 848 799 est,
863 721 946 784 nolit
962 720 1033 804 quis
1048 742 1207 800 accusare,
1223 742 1266 784 an

164 843 232 886 non
246 823 371 906 possit),
387 822 585 904 interrogare
601 821 713 884 datum
727 821 800 884 est?
830 821 954 885 Datum
969 829 1019 885 est
1035 828 1131 886 certe.
1162 820 1266 905 Atqui

166 925 285 1010 absque
314 931 513 990 sacramento
542 923 731 1007 interposito
760 923 968 1008 interrogare,
997 945 1056 1007 pro
1078 924 1181 988 nihilo
1203 932 1264 988 est.

166 1029 276 1096 Quare
290 1034 323 1092 et
338 1027 509 1112 adjurandi
519 1028 574 1112 jus
588 1026 675 1091 fecit.
722 1027 829 1094 Quam
843 1049 954 1092 vocem
971 1027 1110 1112 Spiritus
1127 1029 1266 1090 Sanctus

164 1130 201 1195 in
209 1131 323 1195 Veteri
333 1129 565 1209 Testamento1,
575 1150 632 1213 per
642 1132 718 1211 12³2
724 1129 789 1200 Wi'l
805 1130 963 1214 exprimit,
976 1130 1085 1213 sicque
1100 1130 1265 1194 Micheam

164 1254 221 1297 rex
240 1233 415 1317 adjuravit:
439 1232 475 1296 in
494 1234 588 1297 Novo
607 1254 664 1316 per
683 1230 827 1319 ὁρκίζειν,
849 1233 958 1316 sicque
981 1232 1132 1296 Pontifex
1155 1232 1264 1297 Chris-

163 1343 271 1416 summ,
287 1344 321 1401 et
334 1336 463 1420 utrique
477 1336 590 1419 religio
603 1335 676 1415 fuit,
692 1337 733 1400 ad
747 1335 881 1419 quaesita
894 1356 961 1399 nou
973 1335 1173 1419 respondere.
1215 1335 1266 1398 Ac

165 1439 305 1503 Hebraea
319 1438 358 1503 de
373 1439 503 1522 quidem
517 1459 594 1504 voce
610 1439 744 1522 quaestio
758 1440 859 1518 nulla,
875 1439 954 1522 quin
968 1446 1001 1503 et
1017 1439 1048 1503 vi
1063 1437 1216 1518 nominis,
1232 1446 1265 1502 et

163 1565 235 1623 usu,
246 1544 470 1628 juramentum
485 1543 618 1607 deferat.
663 1543 759 1607 Addo
772 1564 834 1606 nec
856 1543 895 1607 de
904 1544 1035 1622 ¹Graeca,
1051 1544 1180 1608 sirecte
1195 1564 1265 1607 ver-

163 1653 236 1710 tant
257 1648 343 1712 Beza
365 1647 535 1730 caeterique
555 1646 747 1729 interpretes
763 1646 929 1710 Daemouis
953 1647 1153 1730 postulatum
1173 1646 1264 1726 illud,

164 1750 250 1833 quod
264 1757 314 1814 est
334 1751 433 1814 Matt.
455 1750 527 1834 [lep.
549 1749 668 1833 Maro]
688 1753 766 1815 v.‘7.
789 1749 913 1830 Adjmo
929 1754 968 1828 te,
984 1769 1022 1813 aa
1035 1769 1082 1812 me
1097 1755 1264 1830 torqueas.-

163 1852 198 1915 id
220 1859 279 1932 est,
306 1853 470 1917 Confirma
490 1852 573 1915 mihi
591 1851 803 1937 jurejurando
826 1851 1016 1935 interposito
1026 1861 1050 1931 ¹¹,
1066 1851 1144 1928 fore,
1162 1858 1200 1914 ut
1221 1874 1265 1917 ne
1330 1838 1333 1843 ¹

163 1975 217 2018 me
239 1961 408 2038 torqueas:
441 1961 480 2018 ut
501 1954 565 2018 illis
593 1954 730 2019 videtur.
777 1953 842 2018 Sed
864 1975 924 2037 ego
953 1955 1124 2036 arderardi
1153 1976 1264 2019 vocem

92 2100 95 2105 -
139 2129 142 2136 ¹
163 2057 269 2122 mitto.
316 2059 417 2122 Sumo
432 2058 579 2137 alterum,
593 2058 717 2120 beandi
731 2079 826 2141 super
842 2058 948 2122 Reum
962 2057 1067 2142 ipsum
1075 2058 1261 2140 juramenti,

169 2160 208 2244 (si
230 2161 331 2226 altera
351 2160 448 2224 modo
470 2159 526 2245 sit)
540 2160 575 2224 id
589 2167 648 2239 est,
664 2160 715 2224 vel
736 2161 874 2224 invitum
896 2160 1176 2245 adjuramentum
1197 2161 1263 2224 adi-

164 2263 272 2347 gendi,
287 2263 476 2348 permissam
490 2263 526 2326 in
540 2262 621 2346 lege,
637 2263 688 2327 vel
701 2263 843 2328 notoria
888 2263 939 2327 Ac
957 2263 1062 2347 proin,
1077 2264 1150 2346 plus
1165 2264 1263 2327 etiam

163 2389 261 2450 quam
285 2367 474 2451 permissam
495 2366 713 2449 Magistratui.
760 2367 864 2447 Certe
889 2367 977 2430 enim
1001 2366 1170 2450 periniquo
1191 2367 1262 2431 loco

162 2491 213 2535 res
234 2471 338 2549 foret3
361 2470 388 2534 si
402 2469 501 2534 cuivis
517 2469 557 2532 de
571 2468 664 2552 plebe
678 2468 791 2532 Actori
805 2469 984 2552 exigendis
998 2471 1068 2535 Reo
1084 2470 1261 2554 juramenti

162 2580 306 2658 potestas
321 2573 404 2638 foret
412 2598 422 2650 3
445 2593 513 2636 non
527 2572 611 2636 foret
626 2571 844 2655 Magistratui.
869 2572 905 2635 Si
915 2572 951 2635 in
965 2593 1062 2638 causa
1077 2572 1213 2656 depositi
1227 2573 1261 2636 id

162 2677 284 2756 liceret,
295 2675 434 2740 incausa
448 2674 539 2757 regni
553 2696 621 2739 non
634 2673 765 2738 liceret:
782 2673 809 2736 si
824 2673 910 2758 adigi
920 2674 989 2758 quis
1004 2680 1113 2758 posset
1124 2675 1166 2738 ad
1172 2676 1261 2760 jura·

163 2785 321 2858 mentum,
336 2800 404 2842 non
418 2778 593 2841 extendisse
606 2797 639 2840 ae
653 2796 778 2840 manum
793 2777 838 2839 ad
855 2797 920 2841 rem
928 2779 1071 2859 procliui
1084 2779 1134 2842 aui
1142 2804 1154 2853 ,·
1177 2778 1264 2861 adigi

162 2903 231 2946 non
255 2888 363 2966 posset
389 2881 431 2945 ad
455 2881 687 2965 juramentum,
711 2901 779 2944 non
802 2880 983 2944 extendisse
1010 2902 1043 2944 se
1066 2903 1199 2945 manum
1223 2881 1264 2944 ad

163 3006 274 3068 pacem
289 2984 504 3069 Reipublicae:
529 2984 556 3046 si
566 2983 672 3067 potior
682 2983 769 3048 illius
783 2984 877 3063 ratic,
890 2985 996 3068 quoad
1006 2986 1072 3070 jus,
1089 2985 1145 3069 qui
1156 2985 1265 3049 turbas

163 3089 286 3153 dederit
302 3088 338 3152 in
352 3088 498 3152 Ecclesia
511 3087 584 3166 Dei,
601 3108 698 3171 quam
711 3087 797 3152 illius
816 3088 872 3171 qui
887 3089 1011 3170 aliquid
1029 3091 1209 3153 interemit
1223 3089 1264 3152 de
1320 3118 1325 3128 ·

161 3193 300 3276 pecunia
310 3192 416 3257 amici.
455 3191 575 3256 Confer
588 3191 671 3254 mihi
685 3191 754 3257 haec
768 3198 898 3256 tantum
912 3193 999 3256 inter
1014 3215 1057 3272 se,
1069 3195 1174 3278 primo
1188 3193 1263 3257 Ma·

162 3297 334 3381 gistratum
348 3297 463 3380 ipsum,
479 3302 512 3359 et
521 3297 675 3359 Actorem
686 3295 727 3359 de
741 3297 836 3378 vulgo
853 3297 1039 3379 quemlibet.
1083 3300 1172 3377 Post,
1188 3319 1264 3362 cau·

162 3420 231 3464 sam
241 3399 418 3483 pecuniolae
433 3398 610 3482 cujusdam,
627 3405 660 3462 et
675 3420 805 3463 causam
820 3399 1028 3482 Reipublicae.
1060 3401 1155 3481 Dein,
1172 3402 1263 3482 depo-

160 3505 256 3567 situm
276 3503 358 3568 illud
373 3502 491 3567 alicubi
509 3502 701 3586 quandoque
716 3502 912 3587 deprehendi
926 3525 1022 3588 posse
1030 3529 1040 3583 ;
1064 3505 1265 3569 clandestina

161 3606 226 3671 ista
235 3606 394 3690 colloquia
403 3628 471 3670 non
484 3626 577 3689 posse
591 3605 666 3688 (nisi
677 3605 723 3670 sic
734 3605 934 3689 interrogare
943 3607 1061 3690 detiu),
1073 3607 1161 3671 abire
1177 3607 1264 3671 enim

160 3708 196 3774 in
211 3731 313 3789 auras,
328 3709 570 3793 impressionem
581 3715 653 3792 post
665 3729 700 3772 se
714 3709 839 3773 nullam
852 3710 1043 3794 relinquere.
1089 3711 1158 3774 Aut
1172 3710 1264 3775 valde

161 3833 214 3876 me
241 3812 325 3877 fallit
356 3813 502 3891 animus;
526 3818 584 3875 aut
611 3811 687 3895 (sive
716 3833 869 3896 personas
895 3819 1028 3896 spectes,
1056 3813 1121 3878 sive
1144 3835 1205 3893 res,
1230 3821 1263 3878 et

160 3936 270 3980 rerum
285 3915 350 3980 sive
364 3920 539 3992 momenta,
555 3915 621 3978 sive
637 3914 751 3998 exitus)
768 3917 872 4001 major
885 3916 940 3980 hic
962 3916 1145 3997 necessitas,
1160 3918 1265 4001 major

161 4019 294 4104 aequitas
317 4018 476 4084 incumbit
495 4018 684 4102 juramenti.
730 4019 838 4085 Quare
859 4025 892 4082 et
914 4019 1105 4103 interrogari
1127 4042 1202 4085 eum
1227 4020 1263 4084 in

162 4144 259 4188 causa
273 4145 340 4204 sua,
352 4124 407 4207 jus
421 4122 531 4206 fasque
546 4122 692 4196 divinum
704 4128 754 4186 est
762 4149 773 4202 3
789 4130 822 4187 et
830 4123 864 4187 id
873 4123 1058 4187 interventu
1072 4125 1263 4189 sacramenti

194 4309 207 4342 ¹¹
224 4310 296 4361 Prov.
308 4327 368 4361 xxv.
381 4313 403 4360 8.
722 4294 732 4312 ⁸
768 4317 781 4340 ¹¹
793 4308 871 4375 [Vide
880 4309 974 4360 Theod.
982 4309 1074 4361 Bazam
1081 4310 1148 4374 apud
1157 4310 1214 4361 Poll
1221 4309 1264 4373 Sy-

195 4373 203 4406 ¹
224 4375 312 4440 lReg.
324 4376 387 4426 xxii.
397 4377 436 4424 16.
737 4388 823 4438 nops:
845 4379 871 4425 et
890 4375 1029 4426 Vutablum
1048 4379 1074 4425 et
1095 4375 1215 4425 Drusium
1234 4375 1263 4424 in

196 4439 299 4492 ”Mati
312 4441 378 4490 Μ’
391 4441 430 4489 16'
736 4439 1216 4568 ¹⁰⁰i’fififfiffl⁰i⁸gsf⁰ffi{iffi31,
