2970 4914
268 255 335 321 200
677 272 827 321 marom
847 272 961 324 anans

272 448 326 490 ooa
348 434 431 508 auat,
447 432 769 513 precor—pascite
789 431 851 493 Dei
866 434 1073 512 propereque·
1093 429 1128 491 io
1148 427 1244 505 eoba,
1258 444 1374 490 euram

272 531 358 593 illias
368 538 510 614 poeotes
524 553 585 596 aaa
599 540 715 614 coacte,
729 534 788 597 sed
800 533 939 610 libenter,
954 552 1015 595 aaa
1030 533 1132 614 turpia
1146 531 1227 594 locri
1237 526 1371 611 pratia:

272 654 343 719 quae
365 635 544 700 exhortatio
569 637 610 701 ad
634 637 840 702 sedulitatem
862 642 895 700 et
917 634 1086 700 vitandum
1109 641 1206 719 turpe
1230 632 1371 707 lucrum,

271 757 339 800 non
353 736 489 803 dubium
504 739 583 823 quin
597 740 639 804 ad
653 739 819 804 inferiores
829 738 961 823 'quoque
974 739 1177 824 presbyteros
1195 733 1371 820 pertineat.

272 841 320 904 Ut
331 862 406 906 vero
419 842 548 907 medam
563 865 617 908 eos
631 865 698 908 non
708 843 824 908 debere
839 842 902 905 dici
910 848 1064 924 pastores,
1075 861 1156 926 quos
1171 840 1261 903 Deus
1272 835 1372 921 jubet

270 965 399 1029 pascere
421 967 563 1030 gregem,
582 969 602 1011 a
623 967 676 1011 me
696 968 764 1011 non
788 946 937 1029 impetro.
984 945 1081 1011 Quod
1102 945 1131 1008 si
1149 941 1284 1007 verbum
1307 937 1373 1004 Dei

271 1054 321 1110 est
340 1047 496 1130 pabulum
515 1049 706 1128 animarum,
725 1070 793 1113 non
813 1047 916 1126 videa,
932 1067 990 1110 cur
1010 1053 1122 1130 pastor
1142 1038 1210 1111 non
1231 1041 1372 1119 dicatur,

271 1151 327 1235 qui
340 1151 403 1216 hoc
416 1152 571 1235 pabulum
586 1152 820 1217 subministrat.
867 1149 988 1214 Paulus
999 1150 1041 1213 ad
1055 1148 1212 1232 Ephesios
1225 1146 1266 1211 iv.
1283 1144 1372 1207 hanc
1386 1154 1392 1167 '

219 1316 223 1322 .
269 1254 545 1318 enumerationem
559 1255 641 1319 texit
654 1275 828 1318 munerum
842 1250 1150 1330 Ecclesiasticorum,
1166 1248 1266 1312 Dedit
1281 1247 1372 1309 Deua

270 1357 350 1418 alios
379 1357 503 1438 paidom
527 1357 704 1439 Apostolos,
731 1357 812 1420 alios
836 1374 909 1418 aero
935 1355 1122 1436 Prophetas,
1153 1352 1233 1414 otios
1260 1348 1373 1411 Eaca-

265 1460 406 1539 pelistos,
437 1461 517 1523 alios
540 1461 691 1524 Pastorea
719 1465 750 1522 et
778 1457 939 1522 Doctores.
986 1457 1022 1520 Si
1046 1477 1105 1541 per
1128 1455 1276 1519 Pastores
1301 1471 1372 1517 non

268 1561 495 1644 intelliguntur
517 1563 700 1647 Presbyteri
722 1562 778 1646 qui
798 1560 946 1625 laborant
967 1559 1003 1623 in
1022 1558 1130 1637 verbo,
1146 1577 1225 1639 quos
1249 1552 1372 1619 Minis·
1445 1595 1449 1604 ·

269 1670 337 1727 tros
360 1665 447 1728 Galli
470 1673 595 1745 vocant,
619 1687 687 1730 non
710 1665 803 1731 video
829 1685 925 1747 quem
951 1662 1058 1727 locum
1081 1665 1217 1745 possunt
1243 1657 1279 1721 in
1309 1656 1373 1721 hac

269 1767 418 1848 Apostoli
444 1768 687 1833 enumeratione
712 1766 868 1832 obtinere.
914 1763 1117 1849 Augustinus
1142 1758 1288 1844 Epistola
1313 1757 1371 1823 lix.

271 1870 418 1935 Pastores
440 1877 474 1934 et
491 1873 648 1936 Doctores
667 1871 746 1934 dicit
767 1869 821 1934 hic
843 1868 973 1932 eosdem
995 1863 1102 1931 essen.
1148 1864 1243 1928 Idem
1258 1869 1372 1926 censet

270 1971 489 2058 Hieronymus
509 1974 544 2037 in
565 1974 653 2038 hunc
668 1973 761 2038 Pauli
783 1973 891 2036 locum
904 1981 927 2034 ¹.
973 1968 1168 2033 Vincentius
1189 1965 1371 2032 Lirinensis

268 2074 354 2139 hunc
379 2076 486 2140 locum
512 2097 686 2160 exponens,
712 2082 880 2160 pastorum
903 2073 1027 2137 nullam
1053 2071 1131 2135 facit
1157 2068 1370 2149 mentionem,

268 2177 343 2259 quia
367 2199 484 2263 nempe
507 2201 562 2244 eos
592 2178 651 2243 sub
677 2177 862 2244 doctoribus
891 2174 1144 2259 comprehendit,
1171 2193 1251 2255 quos
1275 2177 1371 2235 vocat

267 2281 496 2362 Tractatoresl,
504 2283 559 2367 qui
571 2304 648 2348 sane
657 2290 751 2348 erant
764 2282 926 2346 diversum
938 2280 1016 2364 quid
1024 2279 1065 2344 ab
1076 2278 1253 2364 Episcopis.
1277 2275 1370 2341 Solos

267 2389 376 2446 autem
398 2385 571 2470 Episcopos
595 2407 665 2450 osse
692 2386 852 2450 Doctores
877 2403 1046 2466 nunquam
1071 2381 1228 2445 hactenus
1251 2377 1370 2445 audivi.

265 2485 456 2551 Ambrosius
481 2495 610 2552 tautum
639 2488 679 2553 ab
705 2510 744 2553 eo
768 2487 871 2565 abest,
896 2493 934 2550 ιιι
962 2494 1056 2568 putet
1079 2482 1224 2548 Pastoris
1249 2501 1371 2545 nomen

202 2661 207 2670 ι
266 2587 341 2650 solis
357 2589 523 2674 Episcopis
543 2590 781 2670 convenirent
801 2589 901 2653 etiam
924 2589 1076 2652 Lectores
1094 2592 1187 2650 vocat
1208 2585 1369 2648 Pastores.

265 2690 415 2754 Pastores
437 2693 571 2778 (inquit)
601 2696 685 2776 (auat
701 2694 744 2776 et)
767 2697 902 2774 poscunt
922 2711 988 2754 esse
1005 2690 1163 2767 Lectores,
1187 2679 1241 2769 q'ei
1262 2687 1369 2750 lectio·

264 2793 354 2855 aridos
375 2795 528 2877 [lectione.
546 2797 643 2880 Bou]
663 2798 808 2879 repitent
816 2796 968 2877 papalem
983 2794 1189 2856 audieatew.
1226 2789 1369 2853 Pastoris

264 2916 385 2959 nomen
411 2898 562 2981 frequens
584 2906 632 2963 est
659 2900 745 2982 apud
768 2898 955 2982 Prophetas,
979 2898 1033 2960 Es.
1048 2895 1102 2959 lvi.
1120 2897 1172 2958 11.
1197 2894 1318 2956 Jerem.
1335 2914 1366 2957 x.

265 3001 329 3075 21,
346 3005 379 3062 ot
394 3000 468 3062 xxii.
485 3022 564 3064 vers.
581 3004 646 3080 22,
662 3008 695 3065 et
718 3023 787 3085 cap.
803 3001 888 3064 xxiii.
912 3020 994 3064 vers.
1020 3002 1048 3075 1,
1071 3000 1103 3077 2,
1127 3004 1160 3061 et
1183 2999 1225 3075 3.,
1248 2997 1366 3059 Erech.

264 3099 367 3164 xxxiv.
384 3102 425 3179 2.,
442 3103 573 3166 Zachar.
595 3126 625 3168 x.
644 3105 676 3167 3.
725 3104 805 3171 Quae
827 3103 896 3167 loca
920 3101 1063 3186 quisquis
1085 3106 1234 3166 accurata
1252 3099 1368 3183 judicii

263 3202 355 3264 lance
370 3204 557 3286 perpendet,
574 3205 749 3290 comperiet
772 3205 832 3270 sub
849 3207 1020 3269 Pastorum
1043 3203 1174 3268 nomine
1196 3223 1263 3265 non
1284 3202 1367 3266 solos

264 3305 388 3368 censeri
413 3307 596 3388 Pontifices,
621 3316 678 3372 aut
703 3309 810 3395 capita
835 3308 1045 3380 Levitarum3
1067 3306 1124 3370 sed
1149 3325 1261 3370 omnes
1288 3305 1367 3369 Pro-

263 3408 386 3489 phetas,
402 3416 436 3473 et
450 3410 589 3490 Levitae,
607 3412 723 3496 quibus
739 3411 877 3477 docendi
892 3432 1011 3476 munus
1025 3408 1242 3475 incumbebat.

300 3561 482 3625 ¹¹[“Pastores
509 3569 594 3616 autom
622 3570 648 3616 et
676 3566 796 3627 doctores,
840 3566 899 3615 beat
920 3570 946 3615 ot
967 3565 1103 3627 magister;
1131 3577 1177 3612 nec
1199 3563 1227 3610 in
1249 3560 1369 3610 Ecclesiis

266 3640 328 3686 quos
339 3628 451 3678 maxime
463 3633 492 3678 ut
505 3630 672 3681 discernerem
684 3632 796 3692 voluisti,
840 3631 954 3693 quamvis
964 3634 1064 3679 sanctus
1080 3629 1122 3690 sit,
1139 3627 1247 3690 pastoris
1263 3626 1313 3674 sibi
1326 3640 1368 3674 no

266 3689 365 3740 cosdem
376 3696 439 3754 puto
455 3708 516 3754 esse,
528 3695 594 3744 sicut
610 3700 636 3744 et
653 3696 702 3745 tibi
713 3696 796 3745 visum
839 3709 899 3745 men
909 3709 1041 3754 enumero,
1056 3693 1106 3742 nisi
1117 3692 1198 3756 possit
1207 3691 1296 3739 docere
1306 3705 1368 3752 quos

266 3758 311 3812 ost,
330 3759 426 3805 utnon
443 3757 505 3807 alios
521 3763 640 3822 pastores,
659 3761 723 3810 alios
741 3759 796 3810 doc·
839 3760 927 3822 pascit.
946 3758 995 3809 Vol
1006 3763 1072 3807 certo
1082 3758 1164 3817 aliter,
1175 3760 1205 3804 ut
1215 3770 1281 3803 unus
1291 3763 1367 3817 atque

265 3823 331 3867 tores
358 3821 591 3884 intelligamus.”-
604 3825 628 3873 S.
652 3827 718 3887 Aug,
748 3824 795 3888 Ep.
839 3823 908 3873 idem
930 3838 1022 3886 praeses
1041 3821 1160 3872 Ecclesiae
1177 3822 1211 3869 sit
1233 3824 1319 3882 pastor
1340 3826 1366 3869 et

264 3883 341 3932 cxlix.
361 3884 453 3935 Bened.
475 3887 516 3949 (al.
533 3887 588 3952 lix.)
607 3887 639 3938 ad
657 3889 793 3938 Paulinum
839 3887 927 3937 doctor
933 3904 941 3948 ς
964 3891 1050 3952 pastor
1069 3887 1163 3947 ovium,
1181 3885 1303 3946 magister
1324 3884 1366 3933 ho·

264 3961 317 4008 cap.
330 3948 357 3995 ii.
369 3948 425 4011 0p.,
437 3954 499 3999 tom.
507 3952 535 4000 ii.
546 3952 591 4001 col.
604 3953 661 4004 759.
673 3952 701 4001 B.
835 3952 1014 4002 minum.”-S.
1027 3952 1098 4000 Hier.
1118 3951 1215 4000 Corum.
1236 3950 1264 3997 in
1284 3949 1364 4012 Epist.

266 4074 271 4084 Ι
296 4018 308 4040 ¹
327 4011 682 4081 [“Necveroputandum‚qu
727 4017 792 4069 naut
835 4015 970 4080 adEphes.
986 4017 1031 4065 lib.
1042 4017 1070 4066 ii.
1082 4030 1135 4078 cap.
1147 4016 1171 4063 l.
1183 4015 1238 4078 Op,
1249 4018 1312 4063 tom.
1320 4015 1364 4063 vii.

264 4089 292 4122 ιιι
310 4077 479 4137 superioribus
489 4080 571 4130 tribus
587 4081 650 4131 alios
660 4081 729 4131 dixit
739 4097 792 4132 essa
835 4081 880 4130 eol.
893 4084 947 4132 elo.
960 4081 986 4131 0.
994 4080 1041 4144 Ι).]

264 4139 406 4214 Apostolos,
415 4141 477 4191 alios
484 4143 629 4207 Prophetas,
638 4146 701 4196 alios
711 4146 791 4196 Evan-
867 4153 878 4184 5
903 4145 1030 4209 [Vincunt
1048 4145 1128 4196 Lirin
1140 4142 1293 4196 Commonit.
1310 4157 1364 4206 cap.

262 4204 380 4279 galustum
396 4205 433 4254 ito
449 4210 475 4255 et
495 4208 522 4256 in
542 4210 685 4272 pastoribus
701 4219 727 4261 et
741 4225 791 4260 ma
835 4209 922 4260 xxviii.
939 4225 963 4273 p.
977 4210 1015 4262 72.
1049 4211 1129 4261 Oxou.
1140 4208 1225 4271 1836]

262 4270 350 4342 grstrrs
369 4268 449 4344 officia
460 4270 562 4345 'diversa
578 4275 697 4336 posuerit
730 4275 791 4325 Non
868 4273 1017 4386 ΙΕλιιιιιιιι.
1028 4275 1080 4358 (seu
1087 4277 1172 4339 potius
1180 4274 1261 4351 Eilar.
1269 4271 1364 4335 Diac.)]

262 4345 331 4381 en1m
361 4337 406 4392 art,
433 4333 496 4384 ahos
518 4345 602 4386 autem
624 4344 743 4402 pastores,
765 4344 791 4390 et
834 4337 865 4387 In
905 4345 963 4402 pist
981 4339 1013 4389 ad
1035 4340 1125 4404 Ephes
1148 4356 1168 4389 c.
1186 4354 1219 4389 ιι.
1238 4337 1318 4400 [apud
1339 4339 1365 4386 s.

262 4396 327 4471 alios
342 4397 483 4458 magistros,
502 4400 544 4450 sed
562 4401 625 4452 ulios
641 4407 752 4466 pastores
765 4410 791 4454 et
835 4403 924 4452 Ambr.
937 4406 994 4468 Op,
1006 4409 1067 4455 tom.
1079 4406 1107 4455 ii.
1119 4403 1235 4469 Append.
1248 4401 1293 4452 col.
1307 4403 1363 4451 241.

261 4465 409 4524 magistron
427 4464 510 4528 utqui
527 4469 670 4530 pastorest,
687 4469 791 4520 essede-
834 4468 877 4531 0.]
1302 4490 1310 4502 ‘
