2970 4914
480 253 681 328 rnsotoorc'r
701 271 955 329 nummulus·
1204 264 1265 329 185

166 433 296 512 deiecto,
319 452 352 495 se
368 434 568 515 praecipitent
589 435 623 497 im
647 455 750 498 omnes
772 436 972 515 imposturas.
1033 432 1094 517 [1.]
1124 432 1190 498 Qui
1208 454 1268 516 pro

164 536 367 615 imperterritos
379 535 501 600 dudum
511 537 596 621 apud
606 559 665 601 nos
675 539 934 615 intercesserunt,
946 559 1008 620 que
1018 557 1095 601 voce
1106 536 1157 599 usi
1168 537 1267 600 sunt?

169 638 253 701 Tolle
267 640 443 720 lupanario,
460 640 633 723 complebis
648 641 751 704 orbem
766 640 956 704 titittmtm.
985 641 1111 718 Quaeso,
1125 639 1203 722 quid
1217 638 1268 702 in-

162 743 286 805 terest?
313 743 397 806 Tolle
411 765 533 823 osores,
550 745 713 826 complebis
727 744 830 808 orbem
844 744 1088 826 impostoribus?
1122 744 1136 826 [
1161 741 1183 826 .]
1203 737 1293 826 At¹y
1309 757 1387 873 ΕΜ

158 843 336 923 prostibulo
348 845 478 927 quidem
488 847 614 910 sublata
625 846 664 910 de
675 846 782 910 medio
792 854 879 926 sunt,
889 867 926 910 ac
936 846 1077 910 mundus
1088 845 1189 909 nihilo
1196 845 1266 928 jam
1280 822 1308 872 Μ
1328 819 1430 884 Μ’]

163 945 288 1030 plenior
302 948 523 1029 impumtatis&
568 950 664 1016 Quod
680 950 755 1033 quis
769 956 855 1014 recte
871 957 942 1013 tum
964 948 1126 1026 suecessit,
1141 947 1267 1011 utinam
1279 954 1413 1032 ².[.‘i¹¹¹P¹¹·

165 1071 234 1114 nou
256 1049 364 1114 minus
385 1052 472 1115 felici
494 1052 690 1135 experientia
709 1053 806 1116 etiam
824 1052 952 1135 foemoro
968 1072 1093 1136 quoque
1107 1051 1147 1115 de
1161 1050 1268 1114 medio
1279 1019 1430 1148 ffitffl.

165 1153 364 1218 tollerentur.
415 1154 475 1237 [3.]
502 1155 627 1218 Verum
644 1162 809 1239 utcunque
829 1156 977 1220 succedat
992 1154 1094 1233 nobis,
1110 1154 1145 1217 id
1158 1160 1268 1218 tamen

165 1257 342 1320 tenendum
364 1264 423 1336 est,
440 1258 550 1321 mtities
571 1259 660 1322 mosei
681 1260 872 1338 scordalum,
889 1281 986 1343 quom
1009 1260 1109 1321 deseri
1130 1258 1268 1324 ommm'.

166 1360 290 1423 Verum
304 1367 414 1425 autem
427 1361 464 1424 in
481 1361 656 1444 ilreotopio,
672 1362 746 1426 Noo
752 1360 905 1443 socienda
920 1364 1064 1444 cuiquem
1078 1362 1173 1438 molo,
1189 1361 1268 1423 borco

165 1469 201 1527 et
215 1463 288 1526 imle
302 1470 548 1545 consequenter:
574 1464 792 1547 (Arteman.
816 1485 885 1548 cap.
901 1465 946 1528 iii.
962 1486 1026 1528 ver.
1043 1465 1087 1546 8.)
1136 1463 1267 1528 Nedum

166 1567 251 1629 moto
272 1567 365 1629 motis
388 1568 634 1647 compensanda5
659 1568 745 1650 quod
766 1567 843 1632 olim
864 1568 900 1630 in
915 1569 999 1632 Loto
1014 1552 1203 1631 damnatum
1218 1572 1268 1629 cst

166 1669 312 1732 unanimi
337 1661 471 1733 Petrum
498 1690 664 1749 consensu,
690 1670 746 1752 qui
767 1671 910 1735 voluerat
939 1677 1046 1752 stupro
1075 1670 1268 1753 prostituere

165 1771 311 1851 oirpimes,
326 1791 368 1834 ne
384 1777 515 1834 ruerent
535 1771 570 1834 in
590 1771 762 1833 masculos:
785 1771 819 1834 id
842 1771 927 1854 quod
947 1770 971 1834 ii
992 1771 1125 1850 faciunt,
1143 1771 1198 1854 qui
1212 1790 1268 1854 pa·

165 1873 330 1936 eiscuntur
344 1874 528 1953 centesimis,
544 1895 585 1938 ne
599 1873 739 1937 mundus
753 1881 826 1938 rust
841 1874 877 1937 in
892 1880 1025 1956 questus
1038 1874 1176 1936 illicitos.

209 1976 323 2039 Altera
333 1996 427 2058 porro
437 1976 530 2055 ratio,
539 1978 590 2041 vel
598 1977 704 2041 verius
715 1978 958 2057 commiseratio,
968 1984 1086 2041 mortes
1096 1978 1168 2041 illos
1179 1976 1269 2060 (quos
1281 1985 1325 2049 [2⁸.
1337 1983 1425 2034 Status

166 2077 289 2160 dicunt)
310 2079 446 2142 Pietatis
464 2080 643 2161 parturivit,
658 2102 723 2164 quo
741 2081 845 2144 sicimis
866 2082 1072 2162 orphanisque
1087 2080 1173 2144 selva
1186 2084 1270 2142 sorte
1281 2049 1401 2177 ffiffn‘*

166 2181 397 2245 consuleretur.
448 2182 510 2264 [l.]
538 2183 612 2249 Qua
630 2185 752 2264 pietate
773 2184 842 2267 jam
864 2184 898 2247 id
918 2184 1088 2247 usuvenire
1112 2187 1268 2260 asserimt,

166 2283 206 2347 iis
221 2284 257 2347 in
270 2284 359 2364 locis,
376 2292 413 2349 ut
427 2286 501 2369 plus
515 2288 646 2350 nocest³
656 2285 903 2368 patri-familias
918 2294 1003 2366 ente,
1018 2307 1116 2369 quam
1131 2287 1293 2366 orptcmo⁸
1311 2303 1378 2368 [mo

167 2387 367 2452 commodet⁴
381 2395 454 2471 post
469 2395 606 2452 mortem
628 2395 814 2472 paternam,-
838 2411 912 2453 cum
927 2389 1059 2453 decedat
1077 2389 1270 2452 Testomemto
1283 2367 1432 2493 ffiffiffl]

167 2491 240 2574 plus
254 2512 293 2555 ex
307 2490 383 2555 dato
390 2489 523 2572 fremore,
541 2512 637 2574 quam
652 2492 782 2556 accedet
797 2492 913 2555 heredi
928 2513 966 2556 ex
982 2497 1123 2574 accepto.
1283 2521 1294 2551 ι
1311 2521 1402 2586 pem.

218 2593 279 2676 [2.]
313 2593 416 2676 Atqui
444 2594 710 2677 Archiepiseopus
738 2593 919 2672 Teanensis,
946 2594 1003 2676 qui
1029 2594 1114 2657 solus
1136 2591 1173 2655 in
1196 2593 1270 2655 Ses·
1283 2585 1435 2711 ffiderlt’l]

169 2696 260 2759 sione
275 2697 320 2761 xe
335 2696 473 2761 (roncini
488 2695 548 2759 sub
565 2697 674 2760 neone
689 2697 745 2762 xi
765 2697 825 2760 ive
844 2697 880 2761 in
895 2696 958 2759 asa
972 2695 1090 2775 omnia,
1106 2716 1181 2758 oum
1195 2695 1271 2758 res·
1331 2687 1338 2700 ·
1377 2663 1422 2699 ²¹·

167 2798 224 2879 qui
239 2820 258 2860 a
272 2798 426 2860 rnootibes
440 2805 555 2878 essent,
571 2805 658 2862 recte
673 2799 787 2864 statuit
802 2820 841 2862 ex
856 2819 923 2882 esp.
940 2799 1028 2863 xxiii
1045 2797 1159 2876 Exodi,
1175 2818 1272 2861 versu

168 2907 276 2963 autem
291 2903 323 2978 3,
345 2901 388 2963 In
403 2901 535 2981 justitia
550 2899 672 2982 sociem
690 2903 843 2983 perperis
866 2901 1091 2984 epoosceredom
1112 2921 1174 2963 ooo
1194 2920 1269 2977 esse,

170 3003 248 3086 quin
262 3010 331 3067 tam
345 3023 430 3067 curse
444 3024 513 3067 esse
528 3003 654 3084 debere,
670 3005 755 3088 quod
770 3006 858 3068 Deus
872 3006 970 3068 votuit
985 3006 1129 3083 oetmitoe,
1145 3002 1214 3068 viro
1229 3002 1271 3066 ad

168 3112 334 3188 epestetem
348 3105 486 3185 redacte,
504 3128 600 3190 quam
616 3107 657 3170 ad
672 3108 801 3171 diutiss
815 3115 935 3172 evecto.

217 3209 278 3293 [3.]
299 3211 394 3274 Certe
403 3209 500 3288 enim,
511 3217 660 3274 cumtam
672 3211 895 3294 frequentibus
905 3210 1039 3288 inloeis,
1050 3229 1271 3286 euramsuam,

168 3335 266 3394 quam
281 3333 357 3395 erge
371 3314 526 3392 orptcmos
539 3312 638 3376 hebet
654 3314 860 3397 singularem,
874 3321 1010 3377 testatus
1026 3313 1077 3391 sit,
1094 3321 1163 3375 tam
1176 3311 1271 3375 facile

89 3443 92 3449 ·
169 3415 210 3476 Ei
231 3414 345 3477 fixisset
362 3415 474 3502 ῬΨΠ
490 3416 586 3483 nitu
601 3387 650 3494 ‘tit
673 3416 820 3479 retulisse
841 3416 877 3479 in
897 3416 1025 3499 scripta,
1042 3436 1138 3497 quam
1155 3385 1271 3484 *7325

170 3517 283 3603 ’ΜΠ
306 3516 443 3579 totidem
466 3516 639 3600 syllabis¹²5
666 3517 826 3582 Permitto
842 3517 931 3582 vobis
943 3516 1052 3599 foemms
1073 3522 1203 3599 propter
1222 3536 1272 3578 or-

164 3621 297 3699 phanos,
311 3639 407 3701 quam
421 3619 574 3702 permitto
588 3619 678 3684 vobis
685 3619 793 3702 foeces
807 3620 843 3683 in
856 3626 1031 3698 ectremeos,
1047 3619 1074 3681 si
1088 3619 1152 3682 illis
1162 3618 1273 3681 Monte
1330 3625 1393 3688 127

171 3721 279 3804 aliquo
287 3722 420 3802 pietatis
435 3721 620 3786 consultum
634 3721 794 3787 voluisset.

189 3885 191 3891 .
219 3826 280 3910 [4.]
307 3827 366 3890 Me
380 3847 455 3892 vero
470 3826 498 3890 si
513 3826 646 3890 audient
664 3826 815 3911 Orptooi,
832 3825 903 3889 Deo
925 3823 965 3888 de
986 3828 1070 3886 sorte
1084 3821 1203 3905 gratiss
1219 3821 1276 3885 ha·

170 3929 280 4009 beant,
296 3951 371 3993 cum
389 3931 509 3994 multos
533 3929 676 4014 quotidie
691 3930 791 3994 etiam
805 3928 856 3992 vel
870 3929 966 3990 sortis
981 3932 1120 3989 essortes
1133 3925 1274 3990 videant.

173 4035 346 4118 Exponunt
361 4055 432 4098 eam
455 4035 576 4098 ortitrcs
597 4033 751 4113 honestis,
772 4033 898 4096 Dioiois
915 4031 1082 4112 promissis
1103 4029 1187 4108 freti,
1204 4048 1275 4112 quae

172 4194 705 4336 instituerit-NB
745 4191 1159 4320 trististristis
1176 4189 1289 4242 “²³⁶2

174 4324 234 4374 dem
243 4325 263 4385 ;'
281 4339 309 4373 rn
326 4323 407 4374 Gloss
419 4323 452 4374 ed
463 4339 516 4375 voe.
528 4325 706 4389 ‘Distinguen
782 4325 791 4356 ¹
814 4323 902 4387 [Cone.
922 4321 979 4372 Iret.
990 4321 1022 4372 V.
1045 4320 1108 4373 Sess
1127 4319 1276 4371 x.-(lone.

173 4387 359 4452 dum—(torp.
376 4386 433 4439 Jur.
455 4388 515 4439 Oen.
535 4393 596 4440 tom.
608 4391 636 4440 ii.
658 4389 705 4439 col.
749 4391 811 4440 tom.
823 4389 875 4438 xiv.
892 4388 938 4437 col.
951 4387 1007 4437 251.
1019 4384 1063 4451 E]

174 4452 239 4515 2353
255 4457 282 4505 et
297 4453 424 4505 Decretsl.
447 4453 492 4504 lit
504 4469 527 4506 r.
546 4455 588 4506 tit
599 4455 633 4506 xi.
654 4453 707 4504 ‘Do
760 4517 762 4521 Ι
783 4461 795 4484 ¹¹
812 4452 886 4504 Dent
898 4452 973 4503 xxiii.
985 4453 1033 4512 20„
