2970 4914
255 261 297 330 72
599 270 716 324 eoncro
737 269 855 321 marna
876 269 1006 332 ansus,

256 450 275 493 e
297 428 428 512 majore,
452 448 470 491 e
491 407 587 510 longe
604 427 735 511 majore,
761 448 828 491 non
858 425 987 510 quidem
1007 421 1121 505 gladii,
1143 419 1360 502 sedpaloerr's

204 541 207 546 '
257 533 388 615 maligni
403 529 585 595 discrimine
600 531 768 595 liberaret:
793 529 957 607 Facinore,
973 534 1041 591 tam
1055 531 1151 604 tetro,
1172 530 1241 588 tam
1254 522 1356 600 foedo,

259 644 327 701 tarn
352 634 431 714 diro,
456 641 489 699 et
518 632 594 697 diris
624 633 774 701 omnibus
804 631 1005 710 devovendo;
1037 637 1086 708 nt,
1113 634 1240 712 superet
1264 646 1360 710 poene

260 739 357 802 iidem
380 736 534 816 nostram,
551 736 607 820 qui
627 743 738 804 tamen
758 735 819 820 ipsi
841 735 998 800 vidimus:
1032 731 1208 802 Posteritas
1231 728 1361 813 quidem

262 847 348 905 certe
376 839 490 923 (credo)
516 839 569 904 vix
590 839 688 906 fidem
710 838 886 917 adhibebit,
909 837 1008 901 fuisse
1031 855 1174 918 unquam
1198 833 1234 898 in
1259 831 1362 915 specie

262 944 404 1007 humana
421 942 522 1032 tales,
549 962 590 1005 ex
617 941 729 1007 infima
756 962 859 1024 usque
889 940 1012 1024 abysso,
1038 939 1183 1015 locustas,
1210 935 1266 1019 qui
1293 941 1362 998 tam

262 1045 394 1109 infanda
408 1045 596 1128 cogitarent.
642 1045 705 1109 Pro
720 1043 944 1128 magnitudine
962 1040 1105 1126 periculi,
1120 1039 1181 1104 erit
1197 1046 1229 1102 et
1245 1037 1363 1121 gratia·

262 1170 335 1214 rum
358 1147 480 1214 modus.
525 1147 576 1214 Ac
598 1147 704 1230 potuit
731 1146 860 1231 quidem
882 1165 1041 1228 nuperum
1065 1143 1146 1207 illud
1175 1139 1363 1207 memoriam

264 1257 412 1319 excutere
435 1249 528 1313 nobis
550 1249 647 1333 hujus
668 1249 827 1314 hodierni.
871 1247 966 1313 Absit
992 1267 1076 1310 vero.
1123 1244 1176 1309 Sic
1199 1243 1295 1322 enim,
1315 1242 1364 1326 (ut

263 1353 356 1416 initio
379 1352 455 1435 dixi)
474 1373 558 1415 nova
581 1351 794 1431 celebrentur,
815 1358 853 1414 ut
874 1357 983 1415 vetera
1006 1368 1132 1432 quoque
1157 1351 1362 1410 renoventur.

264 1460 337 1527 Erit
359 1465 392 1523 et
411 1458 460 1524 illi
475 1457 646 1523 Canticum
661 1458 805 1522 suumin
819 1465 963 1544 tempore
978 1477 1045 1520 suo.
1091 1456 1112 1519 J
1114 1477 1166 1518 am
1180 1453 1364 1517 nominasse

265 1569 314 1626 sat
329 1562 400 1626 erit.

308 1665 386 1729 Non
407 1685 503 1748 pecco
526 1665 594 1749 jam
618 1664 739 1731 diutins
762 1664 797 1726 in
820 1663 1009 1748 patientiam
1033 1668 1191 1727 vestram:
1224 1660 1366 1727 Absolve

352 1768 472 1851 paucis,
490 1767 576 1851 quod
591 1774 743 1850 superest.
910 1762 913 1766 ⁴

200 2019 201 2023 ,
309 1972 465 2052 Enc0,‘ut
484 1973 541 2051 illi,
557 1978 638 2052 tum,
654 1994 712 2057 pro
728 1973 889 2056 Regesne
905 1973 1076 2038 Canticum
1090 1973 1171 2052 hoe;
1193 1972 1317 2052 itidem,
1333 1979 1367 2037 et

266 2097 336 2155 nos,
357 2077 436 2160 jam,
452 2097 510 2159 pro
524 2082 654 2140 nostro:
677 2097 737 2140 nec
752 2083 801 2140 est
816 2077 904 2140 enim
918 2085 986 2141 tam
1007 2078 1093 2141 salus
1116 2077 1211 2140 saluti
1233 2077 1366 2154 similis,

268 2200 364 2262 quarn
392 2179 530 2258 illorum,
554 2185 588 2242 et
613 2184 731 2244 nostra.
776 2180 892 2262 Neque
919 2201 992 2243 vero
1022 2180 1120 2244 etiam
1145 2201 1280 2263 usquam
1306 2187 1367 2258 est,

266 2281 355 2346 unde
376 2281 469 2346 nobis
491 2283 672 2365 exemplum
694 2303 821 2347 sumere
844 2283 949 2362 liceat,
975 2282 1052 2366 quid
1075 2283 1168 2347 nobis
1189 2283 1259 2366 jam
1281 2282 1368 2346 facto

267 2406 347 2468 opus
357 2409 367 2462 ;
407 2406 513 2468 quam,
544 2384 572 2449 si
601 2384 743 2464 modum,
772 2385 1027 2469 methodumque
1056 2385 1221 2450 imitemur
1249 2385 1369 2450 Psalmi

267 2488 376 2572 hujus,
397 2489 513 2572 (neque
527 2509 602 2553 vero
616 2489 713 2572 longe
729 2488 818 2573 abeo)
838 2489 936 2573 hujus
951 2489 985 2553 in
1001 2489 1129 2553 Psalmo
1144 2489 1216 2568 loci,
1233 2489 1288 2573 qui
1299 2490 1369 2574 jam

267 2591 362 2654 nobis
386 2612 452 2674 prae
474 2591 624 2655 manibus
648 2598 707 2655 est.
752 2593 827 2656 Duo
850 2591 927 2656 facit
950 2592 1064 2670 David,
1086 2592 1183 2676 (quod
1207 2593 1370 2676 eleganter

267 2693 415 2777 inprimis
437 2693 549 2757 dicunt
572 2693 734 2776 Hebraei:)
761 2693 875 2758 miscet
896 2696 1043 2773 Tedium,
1062 2701 1095 2757 et
1117 2696 1297 2776 Taptilla⁸s
1326 2694 1370 2778 (id

269 2797 328 2879 est)
362 2801 435 2859 uota
468 2817 541 2860 cum
575 2797 720 2878 pratiim
756 2817 868 2877 preces
904 2817 978 2860 eum
1017 2797 1148 2862 cantico.
1200 2797 1304 2862 Simul
1332 2804 1370 2864 ut

271 2900 442 2977 Hymnum
475 2898 602 2976 cecinit,
632 2919 700 2962 uno
728 2919 803 2963 mox
834 2899 1009 2984 eodemque
1039 2900 1154 2984 spiritu
1182 2907 1256 2966 vota
1283 2900 1371 2967 facit.

270 3001 478 3065 Praecedente
503 3000 590 3065 enim
613 3001 720 3065 Versu
745 3002 915 3085 parturivit
942 3002 1114 3083 canticum,
1141 3003 1274 3069 chordas
1297 3025 1371 3068 suas

271 3101 484 3181 concinnavit,
499 3103 657 3186 plectrum
672 3103 829 3184 adhibuit,
843 3105 960 3170 cecinit
976 3105 1031 3186 sic,
1043 3111 1081 3169 ut
1097 3105 1277 3176 audivistis:
1300 3107 1373 3187 pse

270 3212 327 3284 ert,
348 3205 402 3288 qai
416 3205 473 3269 dat
486 3207 618 3269 salutem
632 3206 791 3289 Regibus:
816 3208 888 3290 bose
902 3214 959 3287 est,
976 3209 1028 3290 qui
1043 3209 1126 3272 erait
1141 3209 1293 3275 Davidem
1306 3230 1372 3273 ser·

270 3329 342 3377 aum
370 3328 459 3372 suum
488 3308 526 3371 de
551 3309 660 3391 gladio
689 3311 836 3392 maligno.
888 3312 972 3379 Ecce
1001 3332 1075 3375 vero
1105 3311 1224 3391 statim,
1256 3313 1373 3395 (Versu

271 3411 392 3475 scilicet
414 3409 651 3497 subsequente,)
671 3411 802 3496 deponit
825 3413 865 3478 de
884 3435 984 3479 manu
1006 3412 1166 3492 barbiton,
1182 3414 1324 3478 demittit
1339 3435 1373 3478 se

272 3514 313 3587 ad
336 3535 451 3597 genua,
477 3513 517 3577 ad
539 3535 648 3597 preces
673 3536 706 3582 se
730 3517 874 3583 confert:
899 3524 933 3582 et
958 3517 1058 3582 dictat
1078 3517 1158 3581 inibi
1174 3518 1371 3596 Orationem,

272 3616 334 3680 sibi
350 3624 383 3681 et
397 3616 499 3695 nobis,
515 3616 551 3681 in
564 3617 634 3682 haec
648 3619 761 3685 verba:
787 3622 886 3684 Serva
904 3642 960 3700 mc,
980 3627 1011 3684 et
1030 3621 1129 3685 libera
1149 3642 1207 3704 me,
1227 3622 1265 3684 de
1279 3642 1373 3686 marra

263 3722 406 3802 filioram
421 3721 601 3799 alienorum,
621 3742 750 3802 cumam
769 3744 803 3786 os
826 3725 963 3806 loquitur
986 3725 1166 3802 vanitatem,
1190 3730 1221 3789 et
1243 3725 1373 3788 decrero

273 3844 377 3886 eoram
387 3824 517 3886 desteru
524 3821 685 3905 falsitatis
694 3823 718 3890 b.
751 3826 881 3908 Optime
892 3827 997 3890 isthuc
1011 3827 1047 3889 in
1062 3847 1105 3906 se,
1118 3833 1214 3920 atque
1225 3828 1261 3891 in
1274 3849 1375 3912 popu-

272 3926 341 3988 lum
366 3947 460 3988 suum
483 3925 654 4004 consuluit,
675 3926 753 3990 dum
776 3928 846 3992 haec
867 3929 913 3992 ita
932 3929 1066 3994 miscet:
1101 3931 1145 3992 Et
1169 3952 1228 3994 nos
1251 3931 1374 3996 factum

273 4027 447 4097 imitemur.
493 4029 551 4106 Ac,
567 4028 717 4112 primum,
736 4037 771 4094 ut
786 4030 868 4096 ratio
883 4033 1023 4114 postulat
1047 4033 1142 4096 officii
1164 4034 1276 4113 nostri,
1292 4035 1375 4098 cele-

273 4128 403 4211 bremus
417 4129 505 4191 hunc
520 4131 718 4195 Servatorem
732 4133 861 4215 Regum,
877 4135 1083 4199 Assertorem
1100 4136 1190 4199 Servi
1204 4138 1263 4215 sui,
1278 4138 1375 4219 Regis

274 4233 394 4294 aosaa:
418 4232 614 4296 celebremus
636 4255 721 4314 eum,
738 4237 873 4300 Cantico
888 4259 980 4316 novo,
996 4245 1104 4318 cantu,
1121 4241 1259 4320 chordis,
1275 4242 1373 4321 tibiis,

274 4332 379 4408 tonis3
404 4355 493 4415 quos,
509 4334 558 4396 vel
582 4335 691 4416 habet,
707 4339 757 4401 vel
775 4360 886 4422 capere
907 4328 1014 4424 potest
1030 4343 1170 4426 spiritus,
1186 4365 1256 4423 vox,
1272 4367 1374 4424 mens,

342 4453 469 4523 ²ntsn
587 4493 589 4499 ι
709 4459 828 4528 mrsu
1078 4467 1310 4536 bracenam]
