2970 4914
278 270 343 334 164
724 289 767 336 nn
788 288 928 350 oncmrs,

268 437 429 519 fructibus
441 439 635 520 accipientes,
648 439 687 501 ad
698 439 807 502 Alteri
821 445 853 502 et
866 436 1033 519 sacrificiis
1045 434 1288 500 nonrecedantd.
1306 437 1373 498 Pro

280 545 445 622 Orientali,
471 544 627 627 Origenes
657 543 819 627 antiquior
842 543 1014 628 Cypriam,
1046 543 1145 605 Hom.
1161 542 1204 605 xi.
1228 541 1264 604 in
1285 541 1372 605 xviii.

276 646 412 710 Numer.
470 647 624 719 Quomodo
650 666 723 728 erpo
749 646 886 708 abundat
900 647 1031 728 justitia
1053 651 1162 707 nostra
1178 645 1255 725 plus
1280 664 1374 726 quam

275 751 457 813 Scribarum
483 756 514 813 et
536 750 778 828 ΡΙιαοιιααιιιιν,
802 751 831 812 si
856 751 905 811 illi
931 750 969 812 de
984 747 1144 830 finctibm
1169 748 1273 832 [terra
1295 747 1371 832 sua]

269 860 400 935 pastore
410 875 472 917 non
483 853 607 931 audent,
613 853 800 934 priusquam
813 852 987 935 [primitias
1000 851 1213 915 sacerdotibus
1228 850 1372 932 offerant,

274 956 317 1040 et]
342 957 463 1020 Levitis
491 957 627 1019 Decima
655 961 848 1037 separentur,
888 955 1019 1039 [Levitis
1054 955 1189 1017 dammas
1218 960 1372 1035 amarent,

274 1059 409 1142 Bened]
434 1065 465 1122 et
479 1079 534 1141 epo
548 1059 630 1121 aina
643 1059 751 1120 iorum
758 1056 896 1138 faciens,
905 1055 1066 1138 fructibus
1080 1062 1172 1119 terra
1185 1057 1233 1119 ito
1248 1057 1372 1135 abutar,

272 1168 308 1224 ut
320 1162 474 1226 Sacerdos
484 1162 612 1240 nesciat,
624 1161 736 1224 Levita
746 1161 877 1242 innaret,
890 1160 1145 1223 divinumAltare
1154 1180 1216 1222 non
1224 1161 1374 1223 sentiott?

274 1265 445 1328 Concludit
461 1265 594 1340 deinde3
610 1265 688 1327 Hac
702 1264 840 1326 diximus
854 1269 1026 1327 asserentes
1044 1263 1225 1326 mandatum
1246 1265 1303 1326 noc
1321 1262 1374 1346 (de

274 1368 427 1450 Decimis)
446 1369 555 1431 debere
570 1369 664 1430 etiam
678 1368 846 1430 serrandum
861 1368 984 1430 literam
997 1365 1107 1431 stares.
1150 1367 1194 1430 Et
1210 1374 1284 1430 ante
1300 1368 1374 1432 Ori·

274 1493 389 1554 genem
405 1472 553 1536 Clemens
567 1470 806 1535 Alexandrinus
827 1471 893 1554 (qui
907 1471 1036 1554 propius
1050 1471 1140 1535 abest
1155 1493 1174 1534 a
1189 1471 1329 1551 Christo,
1339 1483 1374 1537 et

274 1574 407 1657 attingit
432 1594 523 1657 paene
547 1573 687 1656 primum
709 1574 939 1638 Centenarium
950 1574 970 1656 z)
995 1571 1214 1657 Στρωματέων
1237 1571 1310 1656 nto.
1334 1575 1371 1653 β.

273 1676 434 1741 Editionis
451 1675 658 1756 Veronensis,
680 1676 848 1741 foliolus.
894 1674 961 1740 Καὶ
985 1676 1060 1760 [leg.
1078 1675 1159 1760 Nol]
1186 1674 1250 1757 μὴν
1271 1675 1325 1742 καὶ
1339 1676 1377 1743 αἱ

273 1776 404 1844 δεκάται
418 1781 481 1844 τῶν
495 1804 532 1843 τε
550 1774 683 1866 καρπῶν
697 1777 752 1843 καὶ
766 1781 829 1843 τῶν
846 1776 1037 1866 θρεμμάτων
1053 1776 1200 1856 εὐσεβεῖν
1213 1805 1249 1844 τε
1266 1777 1324 1864 [εἰς
1337 1779 1375 1845 τὸ

275 1881 373 1967 θεῖον]
393 1881 585 1946 διδάσκουσι
600 1880 654 1946 καὶ
671 1881 715 1963 μὴ
730 1879 932 1947 animositas
951 1879 1158 1969 φιλοκερδεῖς,
1172 1880 1375 1964 μεταδιδόναι

275 1983 310 2050 δὲ
324 1987 381 2066 τῆς
395 1983 642 2071 φιλανθρωπίας
656 1987 721 2054 τοῖς
735 1983 869 2073 Ἱερεΰσι
880 1996 902 2050 ⁸.

318 2191 423 2258 Credo
433 2192 502 2256 haec
513 2192 583 2276 jam
597 2191 790 2276 respondere
804 2213 895 2276 posse
910 2193 1008 2256 etiam
1019 2193 1101 2256 votis
1116 2192 1219 2276 iniqui
1233 2193 1374 2258 hominis

275 2295 316 2358 ad
327 2295 476 2358 instituta
487 2295 638 2359 Ecclesiae
653 2295 910 2359 demonstranda.
942 2295 1001 2359 Sin
1014 2296 1049 2359 id
1064 2295 1232 2379 quisquam
1247 2297 1374 2377 dixerit,

275 2397 395 2481 singuli
418 2397 548 2481 quidem
574 2397 620 2461 sic
650 2397 818 2477 senserint,
846 2397 1046 2482 singulorum
1071 2399 1239 2462 sententiae
1264 2399 1379 2464 subitae

275 2522 357 2585 saepe
373 2507 459 2579 sunt,
476 2507 509 2564 et
531 2499 617 2583 quod
635 2500 699 2564 illis
721 2499 843 2565 cerebri
865 2502 951 2565 calor
973 2500 1125 2584 suggerit,
1141 2501 1176 2565 id
1189 2501 1378 2586 impingunt

274 2603 310 2667 in
333 2604 496 2667 chartam:
519 2603 609 2666 nulla
632 2602 829 2682 deliberatio,
851 2603 1048 2686 disceptatio,
1068 2603 1309 2669 determinatio:
1334 2607 1377 2670 In

274 2705 426 2770 Consiliis
453 2705 565 2769 insunt
594 2705 703 2769 omnia
731 2705 809 2770 haec.
856 2707 978 2790 Sequar
1007 2713 1252 2790 provocantem
1279 2713 1376 2792 atque

274 2808 400 2872 utinam
415 2808 478 2872 illis
494 2815 578 2872 stare
592 2814 776 2873 teneantur.

318 2912 426 2993 Atque
447 2919 485 2975 ut
511 2910 551 2974 ab
573 2910 754 2994 Anglicano
778 2911 922 2976 Concilio
944 2911 1059 2990 ordiar,
1084 2928 1317 2992 aunonenses,
1340 2921 1374 2978 et

275 3012 406 3077 biennio
427 3012 772 3098 post[1>e]nxx111.sub
795 3013 963 3078 Theodoro
987 3014 1237 3080 Dorobernensi.
1275 3017 1318 3079 In
1334 3038 1374 3080 eo

274 3121 403 3180 cavetur
420 3116 464 3199 (ii.
477 3116 621 3198 Conone)
639 3115 679 3180 de
696 3115 873 3197 Pnoecfish,
890 3139 1025 3200 quamm
1045 3117 1083 3201 (si
1098 3118 1281 3182 Canonistis
1304 3140 1372 3184 cre-

274 3203 416 3282 dendum
435 3219 495 3300 est)
513 3219 682 3303 reciprocae
700 3226 776 3283 sunt
794 3220 945 3285 Decimae.
991 3221 1054 3285 sed
1079 3221 1114 3286 id
1135 3222 1239 3286 adhuc
1258 3223 1371 3306 magis,

274 3321 360 3404 quod
383 3321 589 3386 subscribunt
616 3343 674 3407 per
702 3321 812 3387 omnis
840 3324 1093 3389 Chalcedonensi
1122 3324 1288 3405 Concilioi,
1314 3327 1372 3390 ubi

274 3425 415 3490 Decimae
430 3424 560 3490 sancitae
575 3433 668 3491 sunt:
693 3427 774 3494 Quae
789 3426 853 3492 duo
868 3427 1018 3492 evincunt
1034 3428 1120 3506 satis,
1132 3436 1285 3512 utresque
1300 3435 1371 3494 tum

271 3529 472 3592 Decimarum
484 3530 659 3611 pensiones,
682 3536 754 3593 tum
774 3531 991 3595 Poroeciarum
1014 3531 1189 3608 divisiones,
1205 3532 1290 3615 apud
1312 3535 1372 3598 nos

271 3630 450 3713 antiquitus
473 3631 642 3710 exstitisse,
657 3652 718 3698 nec
740 3638 809 3696 tam
832 3653 901 3697 esse
923 3639 1077 3713 recentes,
1102 3655 1198 3716 quam
1221 3636 1371 3699 nonnulli

270 3753 374 3817 nuper
388 3733 576 3797 hallucinati
591 3741 678 3798 sunt.
722 3735 785 3799 Per
798 3734 833 3798 id
847 3741 975 3819 tempus
996 3735 1229 3818 Moguntinum
1244 3759 1370 3822 quoque
1433 3807 1437 3815 ,

270 3833 431 3900 indictum
445 3842 503 3915 est,
519 3836 610 3920 cujus
630 3857 698 3920 cap.
713 3836 767 3900 vii.
791 3836 836 3901 sic
857 3823 1011 3902 habetur.⁴
1047 3838 1255 3902 Admonemus
1276 3847 1371 3923 atque

302 3969 314 4002 ‘¹
332 3969 369 4033 [S.
383 3970 457 4034 Cypr.
471 3971 552 4035 Epist
568 3971 601 4023 ad
614 3971 713 4022 Furnil.
726 3971 799 4035 (lxvi.
843 3971 966 4034 δᾶσκονσι,
984 3972 1012 4022 in
1034 3973 1116 4037 priore
1138 3978 1210 4038 parts
1226 3977 1368 4039 sententias,

271 4033 376 4098 Psmel.)
389 4035 405 4084 i.
418 4035 481 4085 Fell.
496 4035 551 4100 Op,
562 4051 587 4100 p.
596 4035 630 4100 2.]
841 4036 961 4151 mimi]

303 4099 796 4163 ³[orinflomnsinrsumaviiisn.
873 4099 928 4166 ¹¹[“
963 4102 1076 4152 tnullus
1092 4101 1183 4164 Episco
1217 4118 1274 4153 rum
1293 4120 1366 4169 paro·

270 4163 326 4276 Op,
334 4167 396 4212 tom
409 4163 436 4212 ii.
447 4178 474 4227 p.
482 4166 537 4215 309.
546 4164 593 4216 col.
605 4164 663 4215 Η.
671 4168 697 4214 et
707 4167 795 4228 pilo.
840 4165 923 4216 chiam
931 4166 1168 4217 alteriusinvadat.”
1200 4168 1368 4222 onc.Herudt.

268 4242 298 4278 co
309 4263 315 4276 .
327 4229 349 4276 1.
361 4227 407 4290 A.]
842 4229 904 4280 Can.
914 4230 1051 4281 ii.-Cone
1064 4236 1125 4280 tom.
1136 4232 1170 4281 vi.
1182 4232 1228 4282 col.
1237 4232 1341 4298 sarm]

302 4290 312 4323 ¹
338 4291 403 4340 ibid
412 4307 437 4355 p.
446 4292 502 4341 310.
513 4291 553 4356 B.]
872 4293 927 4359 ¹[“
937 4295 1048 4359 Quaeque
1059 4295 1213 4346 definierunt
1223 4302 1367 4349 sanctorum

300 4364 313 4397 ¹
340 4355 364 4405 S.
374 4354 453 4406 Clam
469 4356 620 4408 AlezStro.
637 4358 681 4408 lib.
695 4358 724 4408 ii.
741 4373 795 4423 cap.
838 4373 946 4410 canones
962 4364 1073 4424 patrum,
1090 4375 1136 4410 nos
1157 4375 1256 4424 quoque
1278 4377 1366 4414 omnes

268 4421 307 4471 18.
319 4435 361 4484 pp.
370 4419 427 4472 473.
438 4419 494 4472 474.
511 4420 619 4472 Promis
631 4423 729 4487 Ἱερεῦσι
739 4423 795 4486 legs
837 4424 914 4474 alacri
930 4425 1016 4475 animo
1030 4425 1198 4476 libentissime
1213 4428 1367 4479 semare”—

267 4486 306 4536 rai
324 4487 374 4536 τοῖς
390 4485 497 4545 πλησίον
512 4485 646 4536 dilianator:
666 4487 741 4537 verbo
759 4491 793 4536 dr·
838 4487 1026 4541 Coneflerudf.
1033 4489 1207 4542 Prot-Ibin
1213 4489 1367 4557 501.537.]).]
