2970 4914
480 286 681 337 insomnes
702 288 952 354 nmnnnnuno.
1205 275 1264 338 101

212 441 330 525 Ecquis
350 442 386 505 in
406 442 455 522 iis,
471 465 542 526 quae
557 445 670 528 capitis
686 445 893 533 sangninisve
907 467 1004 530 poena
1021 437 1168 523 luuntur,
1185 443 1268 528 juri·

164 545 304 628 jurando
332 547 444 610 locus?
504 548 583 611 Non
619 570 696 612 sane
726 549 855 614 suadeo.
916 549 1072 628 Primum,
1104 549 1268 632 scripturae

167 649 273 730 praxis
297 651 532 715 contravenit.
577 649 682 715 Video
707 652 805 730 enim,
829 673 903 716 cum
930 652 970 715 de
992 651 1137 716 Aehanis
1163 651 1267 734 capite

168 759 333 834 ageretur3
351 754 372 816 J
373 774 486 817 osuam
495 753 540 817 sic
549 761 716 836 agentem:
736 755 848 818 Narra
858 757 944 833 milri,
953 754 1007 836 fill
1017 753 1080 818 mil
1089 783 1099 829 ;
1120 776 1181 818 aaa
1187 755 1267 836 jara

167 856 252 918 milri.
306 857 391 921 Cum
417 855 458 919 de
483 856 689 935 Jonathanis,
715 858 845 921 Saulem
868 857 1065 922 identidem:
1097 857 1160 922 Dic
1184 857 1266 920 mihi

169 958 190 1019 J
191 957 370 1036 onathan03
392 979 460 1022 non
475 958 584 1042 dejera
598 959 688 1023 mihi.
735 961 928 1043 spontanea,
944 981 1011 1025 non
1027 981 1175 1044 expressa
1189 981 1266 1023 con-

166 1059 321 1138 fessione3
354 1061 607 1144 interrogatione
633 1061 780 1144 simplici,
806 1084 875 1126 non
900 1063 1056 1145 religione
1077 1062 1265 1147 juramenti.

169 1163 257 1228 Quin
275 1163 373 1246 (quod
388 1169 484 1246 caput
499 1146 552 1227 est
566 1164 602 1226 in
616 1164 677 1228 hac
692 1164 823 1248 quidem
841 1167 947 1248 causa)
964 1166 1057 1229 video
1075 1165 1266 1248 prophetam

166 1265 271 1349 ipsum
290 1266 311 1328 J
312 1266 463 1330 eremiam
481 1266 605 1349 abipso
622 1288 699 1349 rege
718 1267 964 1350 interrogatum,
982 1269 1060 1330 Pelo
1080 1267 1134 1329 aba
1153 1273 1183 1330 le
1196 1287 1265 1330 aer-

169 1368 248 1446 baal,
263 1389 301 1431 ne
315 1370 414 1432 celato
429 1390 477 1432 me
491 1370 579 1448 lllad,
597 1369 817 1452 stipulantem,
835 1370 909 1453 (nec
922 1370 959 1433 id
974 1391 1050 1433 sane
1066 1369 1135 1433 sine
1151 1369 1267 1452 spiritu

165 1471 318 1556 dictante)
340 1474 472 1535 Tantum
487 1493 525 1536 ae
545 1474 679 1554 capitale
700 1474 777 1535 milri
790 1475 833 1536 sit
850 1494 1030 1555 responsam
1045 1471 1170 1537 meam.
1216 1473 1267 1536 Ac

168 1574 196 1637 si
216 1574 252 1637 in
272 1575 313 1638 iis
328 1574 459 1657 quidem
474 1575 577 1638 causis
602 1575 843 1639 immunitatem
864 1577 955 1640 Deus
971 1576 1112 1640 dedisset
1133 1596 1265 1658 respon·
1344 1653 1347 1660 Ι

168 1676 275 1741 dendi.
320 1678 371 1742 Ac
393 1677 476 1742 ratio
501 1679 630 1761 quidem
655 1679 744 1743 favit.
792 1679 846 1742 Sic
869 1679 956 1742 enim
975 1679 1091 1762 (quoad
1111 1679 1180 1762 ejus
1198 1677 1269 1741 fieri

167 1781 283 1864 potest)
304 1781 493 1864 quaestiones
509 1803 528 1844 a
545 1782 743 1865 Magistratu
756 1782 912 1846 habendae
927 1789 1002 1845 sunt
1010 1809 1019 1859 3
1043 1789 1081 1845 ιιι
1095 1782 1268 1845 manifesta

167 1883 249 1947 absit
264 1885 392 1968 jactura
411 1884 599 1948 animarum.
646 1886 792 1969 Cumque
808 1906 847 1949 ex
861 1906 916 1970 ore
930 1885 1068 1948 maxime
1091 1883 1265 1960 mendacis,

166 1986 223 2050 illa
230 1987 281 2050 vel
295 1986 443 2050 maximae
458 1987 600 2050 veritatis
616 1987 776 2051 sententia
789 1987 952 2070 prodierit,
966 1988 1096 2070 (Pellem
1103 1988 1265 2068 propelle,
1308 2018 1310 2023 >

168 2095 200 2152 et
214 2090 366 2171 quidquid
381 2095 428 2153 est
444 2090 522 2169 aira,
539 2089 670 2152 dolores
688 2096 736 2153 est
749 2110 812 2171 pro
831 2091 897 2153 alla
916 2089 1013 2172 neat)
1032 2089 1208 2153 verendum
1224 2109 1267 2152 ne

167 2191 249 2254 illud
275 2197 286 2227 ‘
297 2193 452 2274 Quicquid
458 2193 468 2224 ’
495 2199 568 2255 tum
597 2192 827 2257 conscientiam
856 2193 958 2275 ipsam
977 2193 1164 2276 juramenti,
1194 2199 1267 2256 tum

168 2294 319 2358 timorem
334 2294 497 2369 Numinis,
518 2299 590 2357 tum
612 2293 762 2377 quicquid
784 2299 940 2377 praeterea
961 2294 1126 2377 religionis
1149 2301 1198 2357 est
1220 2295 1268 2376 (nt

168 2397 314 2461 homines
329 2404 415 2475 sunt,
427 2403 528 2480 utque
542 2402 687 2460 mentem
701 2384 833 2480 liabent)
851 2397 1110 2478 comprehendat.
1150 2397 1268 2473 Quare,

168 2499 232 2564 etsi
253 2499 337 2563 nihil
361 2499 497 2564 definio:
528 2505 640 2562 tamen
666 2498 785 2581 (nescio
812 2498 982 2582 quomodo)
1007 2499 1043 2561 in
1066 2498 1116 2561 his
1139 2498 1270 2580 quidem

168 2603 282 2681 causis,
297 2609 428 2686 propter
446 2602 579 2686 perjurii
600 2601 779 2684 periculum
802 2621 953 2684 praesens,
974 2601 1179 2685 jurijurando
1199 2621 1271 2684 par-
1334 2608 1338 2616 '

168 2705 308 2770 cendum
337 2726 470 2782 censeo;
493 2704 644 2787 legesque
666 2703 782 2786 quibus
801 2703 925 2766 utimur
942 2701 1036 2786 (κατὰ
1061 2700 1272 2785 oquvaiwavl

168 2809 294 2892 saltem)
311 2808 398 2872 idem
411 2808 473 2872 hoc
489 2813 695 2872 censuenmt.
740 2807 784 2870 In
806 2806 875 2870 aliis
894 2827 968 2870 vero
984 2806 1033 2886 iis,
1050 2827 1132 2889 quae,
1148 2806 1272 2869 minore
1336 2823 1339 2828 “

168 2933 252 2975 noxa
273 2906 441 2986 cum'sint,
459 2910 587 2974 mitiore
606 2931 703 2993 poena
722 2909 916 2992 plectuntur,
939 2931 1007 2972 non
1025 2930 1149 2973 censeo.
1195 2907 1272 2972 Nisi

168 3015 261 3093 forte,
277 3013 445 3078 Comicum
462 3034 588 3096 quoque
608 3012 691 3076 illud
707 3012 777 3096 jam
791 3012 827 3074 in
841 3011 1016 3094 Theologia
1029 3017 1195 3095 receptum
1210 3010 1270 3074 sit:

167 3118 384 3180 Jaramealom
397 3117 445 3179 rei
458 3116 628 3192 seruanda,
644 3136 706 3178 aea
713 3115 886 3196 perdenda
901 3114 1059 3178 conditam
1074 3112 1141 3177 esti.
1186 3114 1270 3177 Cau-

163 3225 241 3283 ·tum
256 3225 305 3284 est
320 3218 407 3282 enim
420 3216 492 3300 lege
508 3215 679 3300 generalil,
698 3217 789 3289 Quod
807 3217 876 3298 qais
889 3217 1051 3298 jnraverit
1067 3217 1131 3279 siae
1151 3216 1225 3278 bene
1238 3235 1271 3278 se

162 3320 335 3404 factarum,
361 3323 426 3384 nae
450 3323 531 3383 mole
559 3321 596 3382 ld
611 3318 735 3400 fuerin·
766 3321 864 3381 teneri
887 3319 1064 3396 debitorem,
1091 3324 1126 3380 ut
1141 3316 1269 3398 faciat:

171 3426 274 3510 quue
297 3446 371 3489 cum
397 3424 437 3487 de
462 3424 544 3486 aeolo
575 3424 670 3504 calice
693 3420 833 3504 intelligi
856 3427 995 3504 nequeat
1022 3420 1128 3503 (utin
1155 3420 1272 3483 scholis

170 3528 358 3612 loquimur),
373 3547 412 3590 ae
427 3528 472 3589 alt
486 3526 568 3589 enim
586 3529 815 3587 annumeratam
823 3524 966 3604 pietalis,
986 3524 1140 3586 utendam
1160 3523 1273 3603 iniqua-

171 3631 284 3695 tata1:
311 3631 347 3694 in
357 3631 439 3693 molo
447 3649 546 3711 peace
560 3633 671 3691 teneat
685 3647 816 3690 necesse
831 3632 890 3688 est.
930 3625 1003 3690 Quo
1017 3625 1054 3687 in
1069 3645 1196 3707 genere,
1211 3644 1273 3704 nec

171 3725 307 3799 renuere
333 3735 555 3818 juramentum
583 3729 684 3808 licuit,
714 3749 776 3792 nec
805 3728 914 3792 datam
943 3727 980 3790 in
1010 3747 1048 3790 eo
1077 3725 1174 3789 fidem
1200 3733 1273 3809 post

159 3837 364 3903 rescindere.

218 3943 274 4024 (1.)
291 3941 370 4004 Νοιι
384 3959 540 4003 renuere:
565 3936 677 4000 Sciens
692 3936 834 4018 prudens
849 3933 955 4016 exegit
970 3954 989 3995 a
1006 3930 1167 3996 Schimeio
1183 3931 1274 4014 jura·

172 4052 322 4108 mentum
352 4042 515 4119 Salomon,
541 4039 576 4101 in
606 4039 763 4102 damnum
784 4036 943 4100 libertatis
969 4055 1060 4112 suae3
1089 4054 1131 4098 ne
1155 4054 1217 4116 quo
1240 4053 1273 4096 se

186 4161 216 4194 ’ἆ
248 4160 439 4223 Josh.vii.19.]
778 4153 790 4185 ¹¹
808 4153 866 4203 Lev.
878 4168 901 4202 v.
914 4154 936 4201 4.
1094 4215 1100 4228 θ

205 4234 216 4258 ⁸
231 4163 259 4341 [1
272 4227 338 4277 Sam.
351 4226 400 4274 xiv.
413 4223 468 4286 da]
778 4217 785 4249 ¹
809 4217 893 4282 [Gouf.
910 4216 1007 4266 Decret.
1024 4230 1076 4279 par.
1093 4215 1121 4264 ιὶ.
1144 4214 1214 4264 Ceus.
1234 4228 1273 4263 ιιι.

205 4291 214 4323 ‘
249 4305 324 4341 erem.
336 4289 445 4338 xxxviii.
456 4288 494 4337 14.
747 4284 842 4341 Quaest.
855 4283 889 4358 qi.
908 4297 961 4344 cap.
976 4282 1003 4329 ii.
1021 4281 1050 4329 in
1070 4279 1149 4328 Gloss.
1168 4278 1201 4328 ad
1220 4294 1273 4354 voc.

205 4365 218 4397 ι
234 4355 250 4405 J
252 4355 292 4405 ob.
303 4355 332 4404 ii.
346 4355 369 4403 4.
747 4347 939 4396 ‘Absolumua’
959 4345 1031 4408 Oorp.
1043 4344 1098 4394 Jur.
1110 4343 1170 4394 Gan
1183 4347 1244 4392 tom.
1256 4357 1273 4392 1.

206 4417 445 4549 lllllllzld‘l
465 4479 546 4546 an]
690 4406 694 4413 Ι
730 4412 791 4467 '⁰⁰¹'
802 4409 888 4472 1⁰⁸2]
