2970 4914
365 267 408 332 36
748 287 864 336 eonem
886 288 928 335 nn
951 289 1080 336 omnou

366 448 425 518 est,
441 440 642 526 προσέχετε;
664 441 699 505 id
712 463 787 506 vero
796 443 903 506 ‘latine
919 442 958 506 de
972 441 1069 505 verbo
1084 449 1175 505 sonat
1190 441 1349 519 adhibete3
1373 441 1464 503 adti-

366 543 432 605 tete
450 543 545 621 nobis,
561 544 703 607 adhibete
723 545 828 626 Greqi.
875 545 962 610 Quid
979 544 1136 608 tandem?
1182 544 1266 607 Cum
1284 543 1367 606 nihil
1384 543 1464 606 certi

366 647 522 730 adjunxit,
545 648 713 712 indefinite
733 646 870 730 intelligi
890 649 1001 727 voluit,
1025 647 1204 734 προσέχετε
1224 649 1304 719 νοῦν,
1324 644 1462 728 γνώμην,

367 749 521 832 σπουδὴν,
547 751 744 834 ἐπιμέλειαν,
770 753 805 815 id
838 760 897 831 est,
928 753 1082 814 Adhibete
1111 772 1203 814 onnes
1232 757 1324 832 atqne
1349 752 1462 828 oeulos,

366 861 496 917 mentem
510 861 602 937 otqne
617 858 762 935 animam,
775 876 881 918 ennom
892 876 1009 918 omnem
1024 861 1115 936 atqne
1128 855 1374 917 solticitudinem.

410 958 453 1021 In
468 960 636 1025 attentione
655 959 767 1022 insunt
782 959 850 1022 haec
866 957 991 1034 omnia3
1016 957 1107 1039 quasi
1123 957 1282 1038 Synodnni
1301 955 1463 1038 quandam

367 1061 596 1141 cogitationum,
620 1081 774 1139 mnarum,
801 1061 1007 1138 consiliorum,
1030 1059 1212 1142 complexus
1235 1059 1362 1122 videtur
1386 1080 1463 1123 voce

365 1163 443 1226 hae:
468 1165 600 1228 seorsim
628 1164 717 1228 illam
746 1164 875 1247 quidem
899 1163 998 1243 vobis,
1026 1173 1059 1228 et
1085 1184 1219 1247 semper,
1249 1163 1302 1226 hio
1330 1163 1463 1226 veroin

368 1267 499 1350 Synodo
520 1269 589 1351 jam
612 1269 821 1351 congregatis,
846 1268 988 1351 apprime
1013 1267 1233 1344 neeessariam,
1260 1265 1463 1330 commendat

368 1370 498 1454 Synodo
512 1370 588 1433 huie
601 1391 711 1433 vocem
729 1370 908 1453 Apostolus,
925 1391 996 1453 quoe
1009 1370 1079 1453 ipsa
1093 1375 1143 1433 est
1159 1369 1311 1450 Synodno.
1344 1369 1389 1431 nt
1403 1389 1463 1451 ego

369 1471 504 1553 (Patres)
533 1472 723 1536 commendo
751 1472 851 1551 vobis,
876 1473 1017 1535 adhibete
1041 1472 1199 1554 Synodnrn
1222 1473 1302 1533 nnnc
1332 1470 1463 1554 Synodo

367 1574 458 1635 hnic:
482 1594 542 1637 nec
560 1573 650 1636 illam
672 1573 776 1637 solum
794 1574 834 1637 de
852 1573 1021 1656 Superiore
1037 1574 1157 1655 Synodi
1171 1575 1287 1651 Domo,
1303 1573 1463 1636 oculatam

366 1676 625 1755 sollicitudinem,
648 1677 703 1740 sed
723 1683 756 1740 et
775 1677 860 1740 hanc
878 1677 918 1740 de
939 1677 1098 1754 inferiore,
1115 1676 1279 1740 cordatum
1301 1676 1463 1740 fortitudi-

365 1800 442 1842 nem
458 1779 624 1858 adhibete,
647 1779 682 1842 id
696 1786 754 1858 est,
766 1800 834 1843 nou
848 1779 944 1843 modo
955 1779 1033 1842 vitia
1047 1786 1080 1843 et
1094 1778 1182 1842 labes
1191 1778 1341 1841 attendite
1354 1800 1463 1842 rerum

365 1882 584 1965 praesentium,
597 1882 654 1945 sed
669 1889 702 1944 et
717 1888 829 1946 contra
844 1903 896 1945 eas
911 1881 975 1946 aori
988 1882 1144 1944 tendentes
1159 1881 1266 1944 animo
1282 1881 1444 1944 ascendite
1455 1909 1466 1959 ;⁴

366 2005 405 2047 ex
419 1984 551 2048 adverso
567 1985 657 2048 State
677 1986 712 2046 in
733 1983 968 2065 confractione',
984 1991 1015 2047 et
1036 1985 1177 2065 opponite
1197 2004 1252 2046 nos
1272 2004 1393 2046 nonium
1400 2005 1464 2065 pro

365 2088 465 2149 Dono
477 2087 609 2150 Israel'.
627 2087 723 2154 Quod
733 2087 762 2150 si
773 2087 829 2150 liat
843 2088 961 2169 (quaeso
972 2093 1082 2150 autem
1092 2108 1148 2150 vos
1159 2087 1270 2150 Patres
1280 2094 1313 2150 et
1324 2088 1462 2165 Fratres,

365 2195 403 2252 ut
417 2189 474 2251 fiat
482 2189 504 2270 3)
531 2190 669 2271 speciem
685 2189 826 2271 aliquam
840 2189 939 2252 visuri
954 2210 1065 2252 sumus
1081 2189 1234 2272 legitimae
1250 2190 1378 2270 Synodi.
1404 2189 1463 2253 Sin

365 2298 493 2355 autem:
512 2291 576 2354 Sed
585 2291 659 2356 nolo
671 2291 748 2374 quid
762 2291 885 2355 tristius
901 2291 1045 2356 ominari.
1070 2292 1173 2375 Pergo
1188 2292 1229 2355 ad
1243 2292 1439 2356 institutum.

199 2488 328 2604 mig·
405 2497 453 2560 II.
491 2499 610 2561 Sonus
637 2520 712 2562 vero
742 2500 892 2562 attendite
922 2499 1000 2582 quid
1025 2499 1085 2563 sibi
1110 2500 1196 2563 velit.
1253 2499 1348 2566 Quod
1372 2500 1483 2583 posui.

198 2618 326 2668 tensione:
361 2599 548 2677 secundum,
564 2621 691 2685 assumo
703 2601 772 2684 jam
788 2601 878 2678 mihi,
891 2601 948 2664 Ad
957 2622 1032 2683 qnos
1046 2622 1087 2680 se,
1099 2608 1129 2664 et
1144 2622 1297 2684 qnonsqne
1306 2603 1447 2686 porrigat
1451 2627 1461 2680 3

198 2681 317 2808 ἕξέἒθῐ
361 2722 476 2784 nempe
492 2702 531 2764 de
547 2704 727 2765 attentionis
747 2704 945 2767 extensione.
994 2704 1099 2767 Semel
1115 2704 1244 2786 quidem
1260 2705 1382 2768 dietum
1397 2727 1463 2768 una

361 2825 421 2867 vox
445 2805 615 2876 attendite,·
646 2805 703 2867 sed
725 2802 791 2867 dni
816 2807 923 2868 κοινοῦ
949 2805 999 2869 bis
1029 2807 1221 2889 repetenda;
1254 2810 1283 2887 1,
1300 2809 1463 2871 Attendite

361 2906 468 2970 vobis:
492 2909 523 2984 2,
540 2907 704 2968 Attendite
720 2908 820 2989 gregi.

198 3008 333 3085 Attendite
368 3042 370 3046 ·
406 3010 436 3070 1.
461 3008 550 3073 Quae
565 3028 704 3089 namque
722 3008 854 3090 reliquis
875 3008 990 3091 simpla
1012 3010 1128 3074 suffieit
1147 3013 1287 3090 attentio,
1306 3034 1344 3075 ea
1366 3014 1463 3096 dupla

197 3073 276 3122 vm
360 3108 534 3191 requiritur
548 3131 567 3171 a
581 3109 666 3171 vodis
676 3136 687 3183 ;
710 3109 804 3188 vobis,
829 3132 892 3192 qua
915 3111 1104 3184 onnsttann
1131 3113 1235 3204 Greqi,
1252 3134 1315 3196 qua
1336 3117 1463 3197 Propo-

360 3211 435 3272 siti:
469 3210 608 3293 Utrique
637 3233 695 3275 nos
725 3219 859 3275 attentos
888 3213 958 3277 vult
988 3215 1118 3294 Paulus,
1149 3217 1204 3280 sed
1234 3218 1338 3300 primo
1367 3219 1461 3281 nobis.

368 3313 459 3376 Votis
467 3341 478 3386 ;
501 3337 578 3377 nam
593 3315 656 3378 nisi
677 3317 737 3379 Vos
752 3317 846 3395 vobio,
863 3317 933 3399 quis
948 3318 1058 3380 vobis?
1102 3320 1189 3382 Nam

572 3506 724 3557 Custodum
802 3471 891 3506 ““’“
907 3433 1180 3510 qiisousndnnpm

362 3613 417 3669 aut
430 3607 524 3669 Soloi
538 3606 713 3687 infotnntns
720 3605 832 3689 suerit,
845 3610 878 3671 in
894 3631 952 3690 qno
967 3613 1114 3673 solietnrl
1130 3617 1142 3670 t
1179 3613 1270 3674 Vobis
1279 3639 1289 3685 ;
1313 3613 1397 3694 quia,
1408 3614 1463 3696 qui

361 3709 420 3770 sibi
435 3731 503 3772 non
518 3711 661 3788 attendit,
679 3712 838 3792 quomodo
857 3713 974 3793 Greni?
997 3715 1075 3791 Aut,
1092 3715 1126 3775 in
1140 3735 1194 3775 sno
1210 3715 1311 3777 fidelis
1328 3715 1382 3796 qui
1396 3738 1463 3778 non

362 3819 419 3889 est,
436 3813 570 3874 otiennm
592 3813 662 3894 quis
685 3813 793 3876 credet
807 3812 896 3874 illi2?
943 3815 1101 3896 vigilanti
1117 3816 1223 3893 Petro,
1241 3816 1396 3896 Christus,
1417 3819 1463 3880 Tn

362 3934 532 3992 conversos,
550 3915 698 3995 confirmo
705 3913 862 3995 fratrem:
886 3916 913 3978 is
927 3917 1047 3980 Christi
1062 3918 1140 3981 ordo
1152 3926 1211 3997 est,
1223 3920 1326 4002 primo
1336 3928 1374 3983 ut
1385 3923 1419 3984 in
1429 3943 1462 3985 se

360 4015 484 4092 tendat,
501 4037 663 4080 conversos
672 4043 683 4088 ;
706 4023 788 4099 post,
805 4023 842 4079 ut
858 4017 899 4080 ad
914 4019 993 4080 otios
1008 4041 1042 4081 se
1058 4021 1208 4084 extendat
1224 4025 1363 4102 attentio,
1383 4025 1462 4087 Con-

356 4115 462 4194 firmo.
488 4119 696 4182 Semi-somni
704 4120 801 4181 Petro
815 4120 911 4201 paulo
926 4132 997 4201 post
1009 4121 1168 4200 Christus,
1181 4123 1293 4188 Simon
1302 4125 1462 4190 dornnb?

360 4261 363 4266 ’
396 4275 407 4295 v
425 4267 516 4316 Psalm.
529 4269 575 4316 ovi.
592 4271 629 4318 23.
966 4281 975 4302 ²
993 4271 1052 4321 Luc.
1062 4274 1113 4322 xvi.
1127 4276 1166 4323 12.

397 4339 413 4360 Ψ
425 4331 482 4381 Eze.
494 4332 549 4381 xiii.
560 4337 582 4382 5.
966 4344 977 4366 ⁸
993 4336 1052 4385 Luc.
1065 4339 1127 4386 xxii.
1141 4341 1180 4386 32.

396 4402 407 4424 ¹
425 4395 451 4458 [J
454 4411 492 4444 uv.
505 4396 556 4446 Sat.
568 4397 600 4445 iv.
613 4398 668 4458 347,
681 4401 751 4464 ela]
967 4399 977 4431 ¹³
996 4399 1057 4450 Mar.
1071 4402 1120 4454 xiv.
1135 4402 1172 4453 37.

397 4467 407 4496 t
424 4459 531 4508 Matt'v‘.
545 4463 582 4511 13.
