2970 4914
264 277 327 341 198
673 285 823 333 urlsrons
844 285 957 332 'l'Elt'l'IA

265 445 334 507 sine
349 441 533 506 cathedrae.
579 439 876 521 Quomodocunque
890 446 1000 501 tamen
1019 431 1227 519 appellaveris
1247 438 1373 516 Titum,

267 546 483 622 Timotheum,
494 550 527 607 et
536 545 697 620 Marcum,
712 563 770 606 seu
784 541 968 624 Episcopus,
985 562 1040 604 seu
1052 541 1285 622 Evangelistas,
1296 561 1375 604 con-

270 655 334 711 stat
349 668 403 710 eos
425 645 574 710 habuisse
592 665 788 710 successores
806 644 993 726 Episcopos,
1016 643 1159 706 haeredes
1178 643 1266 706 illius
1290 664 1373 727 prae-

271 749 464 815 eminentiae.

316 855 436 918 Censes
452 872 538 934 ergo,
555 851 712 914 Ecclesiae
732 857 858 915 nostras
880 871 1011 934 peccare
1025 851 1061 912 in
1076 852 1131 933 jus
1147 849 1304 928 divinum,
1326 851 1377 913 ita

272 964 384 1020 tamen
400 962 438 1019 ut
453 976 506 1017 eas
521 975 587 1017 non
602 953 751 1017 excludas
775 975 862 1037 aspe
878 953 1000 1032 salutis,
1017 961 1050 1016 et
1072 960 1164 1035 putes
1187 953 1246 1016 sub
1260 954 1376 1018 Eccle-

275 1061 330 1123 siae
351 1066 470 1122 nostrae
493 1056 605 1140 politia
627 1077 721 1139 posse
747 1055 788 1120 ad
812 1057 949 1119 salutem
974 1056 1141 1139 perveniri.
1189 1056 1262 1120 Hoc
1286 1056 1376 1120 enirn

274 1166 310 1226 in
339 1162 512 1247 posteriore
534 1169 592 1223 tua
615 1161 761 1244 Epistola
790 1159 1002 1238 subintulisti,
1032 1167 1070 1222 ut
1100 1182 1175 1242 agas
1204 1159 1378 1224 nobiscum

275 1266 476 1331 clementius.
522 1264 746 1327 Veruntamen
775 1264 811 1326 in
836 1263 1062 1347 prolixioribus
1091 1264 1157 1326 tuis
1185 1263 1287 1326 literis
1315 1284 1378 1327 nos

275 1371 337 1434 hac
362 1370 396 1432 iu
419 1374 510 1451 parte
533 1388 638 1449 aequas
664 1367 773 1446 Aerio,
798 1388 894 1449 quem
920 1366 1000 1429 dicis
1024 1367 1086 1429 hoc
1109 1367 1240 1430 nomine
1260 1367 1379 1430 merito

276 1473 414 1534 relatum
438 1492 457 1531 a
474 1468 635 1532 veteribus
660 1468 695 1530 in
717 1469 941 1532 haereticorum
963 1469 1103 1551 nigrum.
1150 1469 1214 1531 Hic
1230 1490 1300 1552 ego,
1316 1469 1381 1532 Vir

276 1595 402 1657 magne,
446 1572 631 1655 aequitatem
660 1578 749 1634 tuam
782 1572 917 1655 appello.
977 1572 1102 1654 Cogita,
1142 1573 1177 1634 in
1207 1594 1286 1655 quas
1325 1592 1380 1635 me

278 1679 364 1761 cogis
380 1675 555 1758 angustias.
587 1676 674 1738 Nam
690 1675 717 1738 si
732 1675 829 1738 debui
844 1674 942 1758 loqui,
957 1682 995 1738 ut
1009 1682 1047 1737 tu
1062 1680 1219 1752 autumas,
1235 1673 1381 1757 oportuit
1417 1756 1423 1765 .

278 1801 330 1843 me
342 1779 520 1843 Ecclesiam
528 1785 673 1841 nostram
684 1777 869 1841 insimulare
884 1778 1050 1855 haereseos,
1060 1798 1124 1861 quo
1139 1777 1234 1855 facto,
1250 1797 1381 1840 necesse

278 1883 357 1946 mihi
377 1882 491 1945 fuisset
506 1877 713 1958 συσκευάζειν
721 1893 746 1959 (1,
770 1887 803 1944 et
826 1902 877 1944 res
901 1902 989 1944 meas
1009 1881 1090 1942 mihi
1114 1880 1243 1959 habere,
1267 1879 1381 1943 statio-

278 2005 417 2067 nemque
451 1984 549 2046 istam
579 1983 734 2046 deserere.
793 1983 865 2046 Nec
894 1983 985 2066 potui
1014 1983 1120 2045 dicere
1149 1979 1359 2068 προστασίαν
1371 1969 1390 2020 1‘

279 2087 509 2170 Episcoporum
535 2105 605 2148 esse
630 2084 713 2168 juris
737 2083 846 2164 divini,
873 2085 952 2168 quin
978 2075 1131 2148 Ecclesiis
1157 2083 1284 2162 nostris,
1310 2105 1382 2167 quae

279 2210 337 2272 pro
352 2188 483 2253 Christo
506 2194 635 2250 tantum
659 2187 872 2270 profuderunt
893 2187 1067 2268 sanguinis,
1092 2195 1204 2250 notam
1223 2188 1382 2251 haereseos

281 2293 452 2356 iuurerem.
498 2290 671 2354 Enimvero
699 2291 869 2355 obfirmare
896 2291 1040 2354 animum
1070 2291 1220 2355 adversus
1247 2312 1383 2375 eaquae

281 2402 357 2459 sunt
377 2395 461 2479 juris
478 2393 587 2471 divini,
604 2404 637 2458 et
653 2395 723 2458 Deo
740 2393 869 2478 jubenti
883 2394 1091 2478 pertinaciter
1106 2394 1269 2478 refragari,
1285 2395 1383 2477 plane

282 2505 331 2562 est
345 2498 485 2575 haeresis,
502 2497 566 2560 sive
586 2497 620 2559 id
642 2496 739 2559 fidem
757 2497 907 2580 attingat,
930 2497 995 2560 sive
1011 2497 1221 2580 disciplinam.
1270 2497 1334 2560 Sed
1349 2505 1384 2561 et

282 2601 363 2663 mihi
384 2599 592 2664 evertendum
622 2599 734 2663 fuisset
762 2599 844 2663 illud
872 2600 1076 2683 principium,
1104 2623 1167 2684 quo
1191 2622 1224 2664 se
1243 2601 1384 2665 maxime

282 2711 392 2767 nostra
406 2702 518 2785 religio
532 2708 644 2765 tuetur
659 2703 809 2767 adversus
825 2705 1022 2787 Papismum,
1034 2727 1105 2786 quae
1120 2711 1197 2767 sunt
1209 2705 1291 2788 juris
1304 2704 1384 2768 divi-

282 2808 317 2870 ni
333 2807 368 2870 in
385 2809 482 2870 Sacra
499 2805 665 2888 Scriptura
680 2806 874 2870 sufficienter
889 2814 922 2870 et
938 2807 1103 2871 evidenter
1118 2808 1285 2872 contineri.

327 3010 434 3074 Audio
451 3009 528 3092 quid
549 3030 683 3092 regeres.
731 3011 846 3074 Tutius
865 3019 897 3075 et
918 3013 1085 3076 honestius
1108 3013 1206 3076 fuisse
1221 3018 1328 3076 tacere
1344 3013 1385 3076 de

284 3113 334 3175 his
348 3111 454 3186 rebus,
471 3133 567 3193 quam
582 3111 805 3194 intempestiva
821 3113 983 3177 scribendi
997 3115 1162 3199 prurigine
1178 3115 1290 3198 abripi.
1331 3116 1386 3179 Sic

286 3214 372 3277 enim
402 3214 524 3276 factum
554 3234 633 3289 esse,
659 3220 697 3276 ut
725 3214 806 3277 mihi
835 3237 967 3280 necesse
993 3219 1100 3296 fuerit,
1128 3219 1179 3281 vel
1205 3224 1387 3283 nostratem

286 3315 472 3393 Ecclesiam,
496 3315 546 3379 vel
571 3322 744 3380 vestratem
771 3318 944 3396 offendere,
975 3321 1058 3384 forte
1083 3322 1181 3385 etiam
1204 3328 1385 3405 utramque.

286 3422 357 3502 Ego
381 3440 457 3482 vero
482 3418 666 3482 maluissem
696 3426 820 3485 tacere:
852 3422 972 3486 invitus
999 3425 1087 3487 cuim
1113 3425 1153 3486 ad
1181 3425 1387 3488 scribendum

287 3523 431 3586 animum
454 3522 583 3605 appuli:
607 3543 668 3585 nec
684 3523 796 3606 scripsi
818 3524 880 3586 nisi
898 3527 1017 3608 jussus.
1066 3528 1193 3590 Jesuita
1212 3528 1386 3606 Arnoldus,

288 3626 343 3708 qui
368 3625 437 3708 regi
461 3632 509 3688 est
534 3624 776 3703 aconfessione,
803 3627 929 3708 publice
953 3650 1011 3711 pro
1038 3636 1191 3712 suggestu
1214 3631 1249 3692 in
1271 3637 1389 3694 nostrae

288 3729 438 3792 Ecclesiae
467 3727 701 3791 confessionem
731 3749 838 3791 coram
869 3731 958 3812 Rege
988 3731 1132 3795 invectus
1163 3739 1243 3809 est⁵,
1277 3740 1310 3796 et
1338 3734 1387 3795 in-

322 3956 332 3984 1¹
352 3946 380 4008 [“
391 3944 560 4006 Evangelistae
584 3943 684 3992 diaconi
701 3948 769 4004 suut,
787 3944 818 3993 si·
893 3955 903 3979 ¹
920 3946 1068 3997 Primatum.

290 4014 332 4059 cut
344 4012 394 4059 fuit
405 4009 539 4072 Philippus
551 4025 558 4067 ;
574 4009 689 4070 quamvis
702 4023 754 4059 nou
766 4009 818 4057 sint
894 4018 903 4040 ⁸
922 4011 1002 4074 [Vide
1014 4012 1057 4060 lib.
1070 4014 1110 4061 cui
1122 4014 1171 4073 tit,
1190 4013 1311 4064 ‘Defense
1323 4015 1354 4065 de
1366 4017 1390 4066 la

289 4074 436 4133 sacerdotes,
461 4073 630 4134 evangelizare
654 4076 739 4122 tamen
765 4088 819 4136 pos·
862 4073 1008 4124 Confession
1028 4076 1072 4126 des
1088 4076 1341 4139 EglisesReformees
1358 4081 1390 4130 de

290 4142 349 4186 suut
370 4139 424 4186 sine
443 4137 568 4197 cathedra,
598 4137 663 4185 sicut
685 4140 711 4186 et
732 4137 820 4187 beatus
864 4138 965 4200 Franco,
977 4155 1036 4190 arec
1047 4157 1096 4191 une
1108 4143 1208 4206 Epistre
1219 4158 1251 4192 au
1263 4144 1324 4207 Roy,
1335 4160 1391 4194 cou-

291 4201 440 4264 Stcphuuus,
457 4205 483 4249 et
495 4201 628 4263 Philippus
646 4202 820 4251 memoratus.'’
863 4206 902 4251 tre
922 4205 957 4252 les
976 4208 1130 4256 accusatione
1149 4207 1184 4255 du
1203 4207 1277 4257 Sieur
1293 4209 1391 4259 Amold

250 4284 253 4290 ·
291 4265 442 4314 -S.Ambr.
453 4265 505 4327 (seu
518 4267 602 4328 potius
614 4264 696 4315 Hilar.
705 4265 784 4330 Diae.)
792 4267 820 4314 in
863 4267 968 4328 Jbsuite,
985 4270 1100 4320 deduites
1117 4287 1148 4320 cn
1167 4287 1201 4321 un
1221 4272 1325 4322 Sermon
1344 4275 1392 4324 fait

292 4330 355 4393 pr.
368 4331 401 4378 iv.
421 4330 488 4392 apud
505 4330 627 4378 Shmbr.
641 4330 696 4394 Op,
714 4335 774 4380 tom.
790 4331 817 4380 ii.
863 4346 894 4379 en
917 4333 941 4381 la
960 4337 1077 4395 presence
1099 4337 1133 4384 du
1156 4337 1210 4398 Roy
1227 4338 1242 4386 t
1260 4337 1392 4387 Fontaine-

292 4394 406 4458 Appcnd.
419 4395 464 4442 col.
478 4396 533 4442 241.
546 4394 584 4456 0.]
863 4396 952 4445 Bloau’
964 4399 1115 4458 (ahlolinueo
1126 4405 1152 4450 et
1162 4402 1238 4464 aliis).
1255 4398 1391 4452 AChure'n-

324 4468 333 4495 '¹
351 4459 465 4509 Sarcinas
476 4459 600 4521 colligere.
862 4465 915 4521 ton,
928 4462 1013 4525 16]7.]
