2970 4914
474 326 477 331 .
540 283 634 330 rursu
655 283 811 331 nonum.
1161 273 1222 335 181

170 442 202 502 2.
226 438 313 504 Quid
328 438 422 520 quod,
445 439 561 521 quibus
580 439 616 502 in
633 440 712 504 locis
736 441 792 504 illa
812 439 935 520 dicunt,
956 437 1038 506 Τότε
1060 440 1123 528 *γάρ
1148 424 1226 511 τόωὲ
1261 485 1264 490 -

126 538 310 604 ἐκοινώνουν
334 541 423 624 [τοῖς]
441 538 604 622 ὀνόμασιό,
619 542 812 606 medicinam
833 543 944 607 statim
958 543 1092 622 faciunt,
1108 551 1141 608 et
1156 566 1225 608 mo-

125 650 205 705 nent
221 643 313 705 aliter
328 664 361 706 se
376 664 445 706 rem
461 643 589 722 habere,
605 653 638 706 et
654 644 830 727 subjiciunt
846 645 979 710 statim:
1001 643 1126 710 Λοιπὸν
1140 643 1175 709 δὲ
1189 644 1225 710 τό

126 743 244 824 ἰδίοζον
267 743 396 830 ἑκάστῳ
427 743 660 826 ἀπονενέιιητοι
683 745 791 828 ὄνομα,
821 745 1015 830 (ἐπισκόπου
1040 748 1223 835 ἐπισκόπῳ,

125 845 349 934 πρεσβυτέρου
370 847 619 935 πρεσβυτέρῳῑ.)
667 851 710 913 In
723 872 838 914 norma
851 852 1006 934 loquendi
1021 853 1092 934 quis
1108 851 1144 915 τὸ
1159 877 1224 915 ιιοι-

125 946 208 1012 νόν111
221 959 346 1033 urgeat,
370 951 428 1014 ubi
448 953 517 1035 jam
539 950 576 1016 τὸ
595 949 695 1015 ἴδιονῙι
717 952 868 1016 obtinuit.
914 954 1030 1036 Neque
1051 954 1139 1016 enirn
1154 955 1225 1037 quis

126 1051 249 1133 Regem
272 1054 460 1134 lyranum,
485 1061 541 1116 aut
570 1054 707 1116 militem
738 1055 889 1117 latronem
911 1055 987 1137 jam.
1006 1055 1110 1122 dicat:
1138 1065 1225 1120 certe

124 1174 229 1235 neque
244 1155 475 1236 Presbyterum,
491 1155 701 1236 Episcopum.-
724 1163 762 1219 ut
787 1177 861 1231 cum
881 1156 937 1218 illa
958 1157 1111 1221 scriberet
1130 1158 1225 1224 Hier-

124 1275 271 1339 onymus,
287 1257 314 1319 si
329 1278 363 1320 se
377 1259 577 1338 Episcopum,
593 1258 816 1340 Augustinum
830 1259 1051 1340 Presbyterum
1069 1261 1224 1343 appellas-

125 1366 173 1420 set
181 1384 191 1436 ,·
215 1359 391 1422 ludibrium
408 1361 482 1442 (scis
497 1361 577 1444 ipse)
595 1361 756 1424 debuisset
777 1361 931 1424 audienti.

125 1510 128 1514 ,
167 1458 260 1523 Adde
283 1462 378 1543 quod,
394 1462 508 1544 quibus
527 1464 563 1525 in
584 1463 662 1526 locis
683 1463 739 1525 illa
761 1463 874 1526 dicunt
896 1464 1021 1540 Patres
1037 1464 1224 1546 priusquam

125 1560 243 1640 dicant,
261 1563 300 1625 de
315 1565 485 1626 nominum
506 1587 569 1628 usn
591 1572 751 1647 coguntur
774 1562 1015 1651 ἀνθυποφέρειν,
1032 1575 1064 1629 et
1081 1567 1224 1648 praemit-

124 1669 193 1725 tere
223 1664 263 1727 de
292 1685 337 1742 rc,
363 1687 434 1748 quae
462 1687 532 1730 rem
561 1668 661 1750 ipsam
692 1674 815 1750 ponant
845 1674 935 1730 extra
965 1668 1222 1732 controversiam.

125 1764 392 1848 Chrysostomus:
431 1767 470 1830 Ti
499 1766 607 1843 τοῦτο,·
641 1766 717 1849 μίας
746 1766 871 1837 πόλεως
897 1767 1018 1832 πολλοὶ
1047 1767 1224 1833 ἐπίσκοποι

122 1863 224 1945 ἧσον;
243 1866 411 1951 occuper.
456 1872 595 1934 Netum
611 1872 751 1954 quidem,
767 1892 842 1934 cum
856 1872 975 1934 Paulus
990 1871 1046 1934 illa
1060 1872 1221 1935 scriberet.

123 1968 359 2034 Theodoretus:
382 1971 451 2034 Nec
458 1972 535 2053 fieri
550 1975 672 2054 quidem
681 1975 797 2054 potuit,
812 1979 848 2036 ut
863 1975 952 2036 multi
962 1973 1113 2054 Episcopi
1124 1980 1224 2036 essert

122 2073 215 2134 cuius
229 2074 367 2136 civitatis
374 2081 555 2154 pastoresl’.
587 2077 826 2159 Hieronymus:
842 2076 917 2138 Νοιι
932 2077 1012 2138 euim
1027 2077 1061 2137 ιἰι
1074 2097 1138 2138 ccc
1148 2077 1224 2139 urbe

117 2177 226 2254 plures
245 2176 395 2258 Episcopi
420 2199 493 2252 esse
501 2180 708 2259 potuissentq.
753 2179 962 2242 Ambrosius:
986 2179 1073 2240 Deus
1092 2181 1224 2260 sicprrlis

122 2279 276 2341 Ecclesiis
296 2281 433 2361 sicpuios
454 2281 628 2361 Episcopus
644 2301 780 2362 preesse
803 2282 966 2344 decerta
1013 2281 1061 2344 Ut
1086 2303 1223 2345 munera

123 2381 174 2442 vel
188 2389 259 2443 tum
275 2381 427 2444 distincta
442 2391 551 2465 aperte
565 2404 632 2467 prae
647 2404 680 2446 se
694 2384 821 2461 ferant3
846 2404 943 2465 quam
964 2382 1046 2445 illud
1069 2383 1221 2462 inferant,

124 2483 163 2548 de
183 2484 325 2548 nomine.
371 2485 513 2568 Colligor
537 2486 689 2568 quicquid
715 2486 755 2548 de
780 2485 965 2549 nominibus
987 2485 1081 2549 initio
1104 2487 1221 2550 fuerit:

23 2587 34 2609 ⁹
123 2586 324 2669 neglexerint
345 2595 417 2651 tum
434 2586 472 2651 τὸ
487 2585 619 2667 ἰδόοζονι
643 2596 687 2668 at,
708 2591 759 2653 vel
780 2596 862 2666 tum,
878 2589 974 2652 unica
995 2589 1031 2652 in
1053 2589 1134 2653 urbe
1148 2591 1223 2652 uni-

122 2711 196 2753 cum
216 2691 312 2754 modo
332 2691 537 2774 Episcopum,
553 2692 688 2755 unicum
709 2693 884 2755 Pastorem*
896 2693 1004 2756 fuisse.
1050 2693 1147 2775 Apud
1161 2694 1222 2757 nos

122 2794 184 2858 hoc
199 2794 329 2877 quidem
349 2795 444 2857 hodie
464 2795 608 2858 obtinet:
633 2795 690 2858 sed
712 2816 797 2858 anne
813 2802 846 2858 et
861 2795 947 2878 apud
961 2796 1041 2860 vos?
1088 2798 1177 2875 Haec,
1195 2798 1222 2860 si

121 2904 160 2959 tu
181 2897 332 2979 praefatus
354 2897 393 2960 de
415 2918 450 2975 re
473 2898 551 2980 ipsa,
567 2905 639 2981 post
660 2897 700 2960 de
720 2886 906 2960 nominibus
927 2899 1121 2980 (quanquam
1144 2900 1222 2981 quid

122 3001 238 3062 attinet
252 3000 344 3064 litem
359 3022 486 3064 movere
508 3002 548 3065 de
568 3001 709 3080 nomine,
725 3001 782 3064 ubi
798 3007 924 3064 constat
940 3001 979 3063 de
994 3022 1030 3064 re
1040 3001 1065 3084 1)
1088 3003 1221 3084 perinde

121 3103 293 3185 aliquando
313 3105 412 3187 (brevi
427 3105 557 3188 quidem
575 3105 730 3189 tempore)
750 3105 888 3187 acceptis
913 3104 1144 3183 subintulisses,
1161 3126 1221 3168 nec

122 3212 189 3266 tam
204 3207 301 3270 crude
316 3208 397 3270 illud
412 3208 452 3271 de
466 3209 647 3291 promiscuo
662 3208 795 3292 nomine
806 3207 977 3289 posuisses,
989 3207 1060 3270 loco
1074 3207 1123 3270 illi
1139 3209 1218 3287 Rex,

122 3309 227 3386 credo,
243 3309 372 3372 obelum
386 3331 454 3373 non
469 3311 629 3374 affixisset.

165 3481 213 3543 11.
237 3481 423 3545 Proximum
446 3488 494 3544 est
517 3481 556 3545 de
576 3481 703 3544 Ordine.
750 3482 827 3557 Ubi,
844 3483 925 3559 vide,
942 3501 1059 3563 quaeso,
1075 3503 1118 3543 an
1133 3482 1219 3544 idem

122 3583 210 3647 Ordo
228 3584 381 3648 dicendus
399 3584 450 3662 sit,
466 3585 557 3667 cujus
576 3583 690 3647 eadem
711 3605 778 3647 non
799 3584 865 3646 sint
883 3583 1003 3645 munia.
1049 3584 1128 3646 Non
1150 3603 1219 3646 esse

152 3703 163 3734 ¹¹
181 3703 246 3752 'I'um
257 3704 409 3754 enimerant
420 3703 523 3752 nomina
538 3717 647 3752 commu·
690 3701 864 3765 Nequaquam.
887 3700 936 3764 [a]
955 3699 1042 3762 Chrys.
1060 3702 1089 3748 in
1111 3700 1177 3749 Phil.
1200 3701 1217 3748 i.

119 3767 239 3831 nia-[S.
250 3769 336 3831 chrys.
349 3767 426 3817 Hom.
438 3768 455 3816 i.
466 3768 495 3816 in
507 3767 573 3817 Phil.
591 3766 647 3830 Op,
692 3766 763 3829 [Op.‚
774 3771 835 3815 tom.
847 3767 881 3814 iv.
893 3780 918 3828 p.
926 3767 948 3814 5.
960 3765 1005 3812 lin.
1018 3763 1067 3827 39.]

120 3840 181 3884 tom.
194 3836 226 3883 iv.
237 3850 261 3898 p.
275 3837 297 3885 5.
309 3835 354 3882 lin.
368 3832 418 3896 40.]
722 3840 733 3870 Ρ
750 3830 861 3894 [Ἄλλως
871 3848 899 3877 τε
909 3827 962 3878 οὐδὲ
973 3826 1024 3878 οῐόν
1034 3847 1062 3876 τε
1073 3824 1218 3885 ἧνπολλοός

152 3897 447 3962 ¹Caetarum,proprium
456 3896 547 3958 cuique
555 3909 648 3946 nomen
691 3893 834 3944 ἐπισκόπους
862 3893 917 3954 μίαν
944 3894 1016 3941 πόλιν
1047 3893 1217 3948 ποιμαίνειν.-

119 3965 245 4015 tributum
268 3969 320 4013 est:
351 3962 478 4026 Episcopi,
506 3961 646 4024 Episcop03
692 3958 784 4008 'l'heod
821 3960 849 4005 in
871 3957 939 4005 Phil.
959 3957 975 4005 i.
1006 3955 1075 4018 [Op.,
1096 3963 1157 4004 tom.
1178 3957 1216 4004 iii.

120 4028 269 4092 Presbyteri,
277 4027 503 4090 Presbytero—[0
511 4026 647 4084 ἐπίσκοπος,
692 4037 716 4085 p.
730 4024 785 4072 445.
1071 4084 1077 4096 ι
1111 4085 1116 4096 Ι

119 4093 351 4158 καὶόπρεσβότερος.
363 4092 388 4141 S.
399 4092 486 4152 Chrys.
499 4089 575 4139 Hom.
588 4090 605 4137 i.
618 4090 647 4137 in
724 4095 735 4126 ¹¹
753 4084 863 4150 [Pelagii
870 4083 982 4159 comm-⁴]
993 4084 1022 4132 in
1031 4083 1098 4132 Phil.
1110 4100 1126 4133 1.
1135 4084 1217 4196 Bapud

121 4157 188 4208 Phil.
200 4159 247 4220 Op.
251 4194 259 4219 ,
268 4161 329 4205 tom.
341 4157 374 4205 iv.
387 4171 411 4219 p.
420 4159 441 4204 6.
455 4155 500 4202 lin.
510 4154 547 4216 6.]
691 4150 715 4200 S.
725 4150 795 4199 Hier.
808 4150 865 4212 Op,
875 4153 936 4197 tom.
949 4163 983 4196 x1.
996 4149 1042 4197 coh
1052 4151 1123 4197 1011.
1161 4149 1182 4211 .]

151 4223 327 4271 ”Commune
723 4213 786 4278 r[S.
799 4215 888 4263 Ambr.
912 4212 964 4275 (seu
992 4213 1077 4275 potius
1099 4212 1215 4262 Hilarius

151 4295 162 4316 ¹¹
181 4286 320 4348 Proprium.
690 4277 840 4340 Diaconos)]
849 4277 1006 4327 inltloruii.
1016 4277 1092 4340 [apud
1100 4275 1209 4326 S.Ambr

151 4360 162 4383 ⁰
182 4350 248 4408 Quid
270 4349 317 4398 hoc
336 4348 386 4396 sibi
408 4349 477 4396 vulti
521 4349 564 4396 An
586 4361 646 4408 ergo
691 4343 817 4407 Op.‚tom.
830 4344 856 4391 ii.
869 4341 986 4404 Append.
998 4342 1043 4390 col.
1055 4339 1172 4396 15311]Ἰ

118 4416 193 4464 unius
215 4415 285 4462 urbis
307 4413 392 4476 plures
414 4416 486 4461 erant
509 4411 628 4474 Episcopi
637 4415 645 4459 l
