2970 4914
475 289 943 339 1010100101011111011110.
970 328 977 345 .
1194 279 1258 341 129

159 448 230 507 tota
244 444 499 526 Jurisprudeutia
514 447 633 508 tuarum
649 445 700 523 sit,
717 445 768 508 cui
783 446 884 508 trium
901 447 1017 510 horum
1033 445 1161 528 aliquod
1174 445 1259 508 indi-

160 547 256 610 vidue
273 549 483 631 conjunctum
506 549 642 612 nonsit.
680 549 907 612 Nominabunt
924 549 1012 632 (scio)
1031 550 1254 612 detrimentum.

160 649 415 714 Detrimentum?
446 651 553 733 quod?
587 650 669 714 illud
691 651 744 714 ex¹
767 653 917 715 domuoue
940 673 998 735 per
1019 672 1138 714 moram
1159 652 1280 732 dato?}
1300 655 1318 718 l‘
1326 654 1399 712 Quod

161 752 367 816 Resarciatur
384 774 517 817 necesse
532 760 591 833 est,
607 754 703 836 idque
717 775 756 816 ex
774 754 831 816 illa
845 754 992 837 Apostoli
1006 754 1127 835 regula,
1144 751 1203 833 Μὴ
1219 751 1259 822 ὥς
1272 718 1424 834 iiffdaidr

159 852 273 923 ἄλλοις
287 852 346 936 μὲν
360 852 479 928 ἄνεσις,
495 854 568 936 ὑμῖν
583 853 618 919 δὲ
633 854 779 940 011008,
795 858 873 920 Non
891 864 929 919 ut
949 857 1019 918 aliis
1034 857 1189 919 relaxatio
1205 857 1256 936 sit,
1272 849 1325 898 MS.
1338 846 1422 912 Harl]

159 956 249 1020 vobis
278 965 387 1021 autem
417 960 585 1040 aupustia:
616 959 761 1022 Omnino
785 959 863 1022 dum
887 981 929 1023 ne
954 962 1072 1022 tucrum
1101 966 1257 1042 captetur,
1286 988 1292 999 =

161 1060 307 1122 domuum
321 1061 450 1126 vitetur.
496 1063 569 1125 Imo
584 1083 659 1124 vero
675 1061 793 1141 dicent,
810 1084 849 1126 ex
864 1064 950 1126 tuero
962 1068 1111 1141 cessaute,
1126 1062 1262 1126 nomine

159 1163 373 1228 Inter-usarii.
417 1164 615 1228 Auditisne?
638 1165 700 1228 hoc
711 1172 759 1228 est
775 1164 859 1248 quod
874 1166 1003 1248 pensari
1016 1165 1137 1243 volunt,
1152 1166 1260 1228 Possi-

160 1265 221 1328 otu
241 1267 360 1329 lucrum
375 1267 461 1350 quod
479 1289 546 1330 non
567 1267 751 1350 acquiritur.
796 1268 990 1331 Pensabitur
1009 1263 1097 1331 vero²
1110 1269 1259 1349 possibile
1272 1275 1291 1352 ²·
1302 1275 1359 1338 [‘sc
1370 1273 1405 1334 id,

160 1369 289 1448 tucrum,
307 1370 392 1452 quod
408 1391 475 1433 non
491 1372 675 1452 acquiritur,
686 1371 831 1452 possibili
846 1371 958 1433 damuo
974 1371 1059 1454 quod
1073 1392 1139 1433 non
1153 1372 1259 1433 iucur-
1272 1339 1403 1467 {ffiffio

159 1471 253 1534 ritur.
299 1472 389 1538 Quin
408 1473 514 1554 potius
539 1472 709 1556 (inquient)
734 1473 946 1536 inscribemus
967 1473 1014 1536 illi
1033 1479 1187 1556 praeterea
1207 1473 1258 1536 de·
1271 1469 1347 1517 unius

160 1592 270 1634 cuuces
299 1574 463 1655 tepitimos.
520 1575 649 1653 Videte,
679 1597 776 1657 quam
807 1576 917 1659 inique
929 1602 938 1654 3
970 1597 1029 1658 pro
1057 1537 1409 1662 dorepdpamiiiiiliis,

161 1675 312 1758 simplice,
329 1675 559 1764 περίσσεο001
579 1677 717 1760 duplex3
740 1678 847 1757 idest,
863 1700 922 1762 pro
941 1680 1040 1757 nullo,
1064 1701 1167 1742 uuum
1186 1700 1259 1763 pos·
1272 1661 1355 1726 Harl]

161 1778 281 1844 tulare:
304 1787 375 1843 tum
391 1803 429 1844 ex
450 1781 573 1844 incerta
594 1783 812 1865 negotiatione
827 1791 951 1847 certum
972 1784 1097 1848 lucrum
1120 1791 1258 1867 captare,

162 1888 196 1945 et
220 1882 317 1965 (quod
342 1884 392 1946 101
410 1885 622 1948 Terentianus
639 1886 751 1949 Lenou
775 1886 964 1969 damnaret)
993 1887 1154 1968 injustitie
1176 1908 1261 1968 spem

156 1986 260 2066 pretio
275 1986 414 2049 oeudere.
460 1987 502 2050 Id
522 1987 584 2050 etsi
603 1987 769 2051 obscurius
788 1989 858 2072 jain
880 1989 932 2066 sit,
949 1988 1024 2071 quia
1044 1990 1111 2051 dies
1129 1989 1261 2052 debitori

162 2086 296 2165 dicitur,
320 2096 565 2170 repraesentetur
586 2095 696 2153 tamen
711 2089 968 2173 soeuus,.iujuria
990 2091 1164 2174 apparebit,
1186 2113 1260 2155 cum
1347 2084 1350 2091 ’

162 2190 332 2273 utrobique
361 2198 472 2254 tamen
501 2213 559 2275 par
582 2193 756 2276 eademque
779 2195 862 2258 ratio
889 2195 941 2257 sit.
1002 2195 1098 2258 Certe
1120 2195 1153 2257 id
1176 2197 1260 2258 ratio

162 2292 323 2372 decernit3
346 2316 407 2358 nec
422 2296 506 2358 ratio
522 2295 627 2374 moda,
644 2296 700 2360 sed
714 2297 783 2358 Lar
797 2297 866 2379 ipsa
880 2318 1016 2380 quoque,
1031 2305 1069 2360 ut
1085 2297 1114 2360 ei
1130 2297 1261 2360 demum

163 2394 222 2457 soli
236 2416 286 2458 res
302 2403 473 2477 questuosa
489 2397 540 2475 sit,
557 2397 648 2480 cujus
664 2396 761 2459 solius
777 2399 920 2478 periculo
936 2405 994 2460 est.
1042 2398 1149 2463 Quare
1164 2399 1261 2481 hujus

163 2497 303 2580 primum
326 2498 453 2582 injuriae
476 2521 549 2562 reus
565 2506 635 2563 esto
649 2498 835 2580 summetur,
860 2501 945 2582 quod
966 2498 1172 2586 περίσσευμα
1186 2500 1261 2564 ἄνευ

160 2597 389 2686 ὑστερήματος,
412 2602 445 2665 id
460 2612 518 2681 est,
536 2603 746 2684 compendium
760 2603 827 2666 siue
842 2604 1012 2685 1110000010,
1028 2605 1261 2667 emolumentum

163 2711 285 2786 quaerat
301 2705 369 2768 sine
385 2707 579 2770 detrimeut0.

211 2805 271 2889 [2.]
292 2807 411 2873 Modus
425 2809 478 2871 hic
493 2809 574 2872 alter
589 2817 647 2872 est.
693 2810 773 2873 Esse
788 2830 839 2872 res
854 2809 1018 2891 quasdam,
1032 2831 1102 2892 quae
1117 2831 1261 2872 mersura

162 2909 282 2973 scilicet
298 2917 330 2973 et
345 2913 520 2992 quantitate
535 2919 701 2976 constent:
727 2913 849 2995 (earum
864 2919 973 2975 autem
988 2935 1005 2976 e
1020 2935 1156 2976 numero
1164 2935 1260 2994 pecu-

161 3013 220 3074 010
235 3011 337 3098 sunt)
353 3036 489 3097 quarum
503 3036 577 3078 usus
591 3016 626 3078 in
636 3016 777 3097 pretium
792 3015 900 3079 venire
915 3038 982 3079 non
998 3017 1128 3079 debeat:
1152 3017 1260 3081 venire

161 3121 270 3178 autem
293 3138 360 3180 non
379 3119 496 3197 debeat,
513 3139 551 3182 eo
573 3119 659 3202 quod
680 3141 699 3181 a
716 3121 912 3201 proprietate
937 3121 1080 3201 separari
1103 3128 1259 3204 nequeat:

162 3219 314 3300 Separari
338 3227 447 3284 autem
472 3230 622 3304 nequeat,
645 3222 686 3285 ob
713 3244 784 3285 eam
810 3245 949 3301 causam,
975 3223 1050 3306 quia
1075 3224 1165 3302 nulli,
1191 3225 1259 3287 sine

160 3322 291 3384 iuteritu
305 3344 372 3401 suo,
388 3325 459 3386 usui
473 3345 542 3387 esse
561 3330 708 3407 possunt.
752 3327 833 3389 11000
848 3347 923 3388 vero
937 3328 1008 3388 0001
1029 3348 1096 3388 non
1114 3335 1257 3408 possunt,

161 3425 236 3506 quia
257 3426 348 3504 nulli,
372 3427 434 3489 nisi
449 3426 489 3489 ad
505 3428 750 3505 cousumeudum,
776 3429 847 3489 usui
870 3435 945 3490 sunt
956 3454 966 3505 ;
989 3449 1048 3490 nec
1069 3448 1144 3489 usus
1165 3428 1205 3491 ab
1219 3428 1259 3490 iis

160 3548 304 3610 unquam
322 3529 408 3591 ullus
427 3529 631 3612 percipiatur,
646 3529 708 3591 nisi
722 3529 758 3591 in
772 3529 841 3611 ipso
856 3550 915 3591 usu
929 3530 1104 3591 substautia
1119 3550 1260 3592 corrum-

160 3637 265 3712 patur.
311 3631 504 3694 Advertistis
535 3631 623 3715 (scio)
649 3630 726 3713 quid
750 3631 854 3694 velim.
900 3630 1108 3713 Iniquissime
1131 3651 1257 3692 mecum

161 3740 280 3816 ageret,
297 3734 362 3816 qui,
377 3734 435 3798 ubi
454 3733 536 3796 mihi
551 3754 654 3815 partes
671 3733 792 3815 aliquot
814 3738 935 3794 mutuos
950 3732 1100 3808 dedisset,
1118 3734 1257 3812 pretium
1316 3749 1375 3810 121

161 3843 235 3918 post
257 3837 362 3919 primo
384 3858 505 3918 porrum
530 3837 673 3921 ipsorum
699 3841 867 3921 repeteret,
888 3835 923 3898 id
948 3842 1007 3912 est,
1025 3822 1234 3916 proprietatis
1245 3862 1257 3907 ;

160 3937 276 4002 deinde
290 3959 365 4001 usus
380 3960 507 4022 quoque
515 3940 666 4022 pretium,
682 3937 716 4000 id
730 3945 789 4017 est,
805 3937 1063 4000 mauducatioais.

205 4041 282 4104 Dixi
296 4042 448 4104 uummos³
463 4042 499 4104 in
512 4041 575 4104 hoc
588 4061 693 4103 rerum
707 4061 824 4124 genere
846 4039 1030 4102 ceusmdos:
1055 4039 1121 4101 dixi
1133 4061 1150 4102 e
1166 4040 1257 4103 Levi·
1271 4046 1408 4160 :upspppp

159 4143 216 4206 tici
231 4165 302 4206 xxv.
317 4164 398 4206 vers.
415 4145 468 4208 37.
514 4143 581 4208 Ubi
598 4146 681 4238 1103
698 4151 731 4207 01
750 4115 844 4221 ⁸728,
861 4143 1012 4205 Nummus
1027 4148 1060 4205 et
1076 4143 1169 4221 cibus,
1185 4149 1258 4205 tan·
1272 4176 1325 4225 MS.
1337 4175 1420 4239 Hm]

160 4269 257 4330 quarn
278 4247 486 4329 homogeneae
506 4268 569 4325 res,
590 4247 702 4311 eadem
724 4247 869 4311 clausula
890 4252 1136 4309 connectuntur.
1181 4246 1259 4309 Dixi

192 4407 201 4431 ¹
233 4399 316 4448 2001.
328 4399 382 4448 1111.
395 4399 449 4462 13.]
762 4409 773 4431 ‘¹
789 4374 858 4464 [dan.
867 4403 882 4427 ‘⁶
890 4399 945 4462 Ego
953 4414 1023 4463 spem
1031 4401 1113 4463 pretio
1121 4414 1173 4449 non
1181 4400 1259 4448 emo.''

192 4465 200 4496 ²
229 4463 299 4513 conf.
312 4463 375 4512 ibid.
387 4463 437 4527 11]
730 4464 864 4514 -Terent
876 4464 986 4528 Adelph.
997 4465 1024 4513 ii.
1039 4467 1061 4513 2.
1075 4463 1125 4526 11.]

205 4559 262 4594 ran.
280 4559 317 4595 or.
336 4559 419 4594 roera
963 4563 985 4608 K
