2970 4914
234 279 357 342 204Ι
470 356 473 364 Ι
575 292 747 341 nrsrossm
769 293 812 339 sn
833 292 930 340 arur.
946 292 999 342 nr.

235 449 328 528 nulli,
350 469 470 512 nomen
493 448 656 513 habebant
677 470 695 512 e
717 469 770 527 re,
794 448 984 512 dicebantur
1006 449 1093 533 quod
1115 457 1218 530 erant,
1241 457 1339 515 erant

235 551 322 634 quod
336 551 535 616 dicebantur.
570 555 601 617 5.
617 553 689 616 Nec
703 552 759 636 qui
773 552 807 614 iu
818 553 1052 632 preemiaeutic
1065 553 1161 616 modo
1176 553 1336 636 quadam3

235 653 293 717 sed
321 662 355 718 et
384 655 440 738 qui
468 677 542 718 cum
574 661 734 739 potestate
761 662 853 718 esset.
899 655 1065 718 Potestate
1097 655 1191 737 (dico)
1223 677 1338 719 mcum

234 757 420 837 imponendi,
444 759 659 840 praecipiendi,
672 798 677 807 ·
690 758 904 820 arcuatioaes
933 757 1113 837 recipiendi,
1145 758 1335 840 corripeudi.
1427 828 1430 833 ,

233 863 263 924 6.
287 861 359 925 Nec
379 861 424 924 cd
440 859 649 943 confusionem
669 861 784 940 solum,
800 882 871 943 quae
886 860 1001 938 ordini,
1017 861 1074 924 sed
1089 868 1122 925 et
1136 862 1178 925 ad
1192 862 1336 926 schisma

231 963 421 1045 tollendum,
438 965 523 1048 quod
536 965 657 1029 unitati
678 963 894 1028 contrarium:
916 985 977 1028 nec
1000 964 1041 1027 ad
1051 964 1127 1029 'duo
1141 965 1237 1029 modo
1251 966 1334 1045 haec,

232 1067 342 1132 sedet
365 1068 406 1131 ad
430 1068 488 1131 illa
508 1076 633 1147 caetera,
658 1067 793 1150 adquae
817 1067 880 1130 illis
903 1075 1096 1150 potestatem
1121 1068 1240 1132 factam
1264 1090 1334 1134 esse

231 1169 380 1234 diximus.
427 1169 525 1236 Vides
548 1171 642 1235 aliter
671 1170 746 1235 huic
770 1170 883 1235 morbo
905 1171 1028 1234 mederi
1056 1172 1179 1236 Patres.
1224 1173 1332 1236 Voces

229 1274 309 1352 illas,
338 1277 544 1339 constitutum
566 1282 622 1354 est,
649 1281 684 1338 ut
711 1281 884 1352 vocaretur,
909 1275 1036 1338 habaet
1050 1275 1330 1356 preemineuticm,

228 1385 383 1462 angustas
398 1379 517 1456 nimis;
542 1379 624 1443 addo
639 1379 738 1443 etiam
756 1378 795 1461 (si
810 1378 899 1460 sinis)
923 1378 1020 1441 nimis
1036 1378 1162 1456 dilutas,
1178 1399 1239 1442 nec
1260 1401 1330 1443 eas-

227 1479 301 1544 dem
325 1501 400 1545 cum
412 1482 485 1561 illis,
503 1504 583 1566 quac,
600 1503 695 1565 quam
717 1482 829 1545 Patres
844 1480 986 1544 fecerant
1001 1481 1203 1561 medicinam,
1219 1482 1330 1566 ingre-

226 1582 372 1647 diuntur.
990 1610 993 1615 ·

271 1685 335 1749 Sed
350 1685 505 1749 sciscitari
519 1693 630 1751 tamen
640 1688 694 1751 hic
708 1686 798 1767 libet,
809 1686 836 1750 si
846 1707 887 1750 eu
901 1688 1080 1768 equalitate
1087 1687 1161 1767 scre
1175 1694 1328 1751 uascutur

224 1785 372 1868 coufueic,
389 1788 444 1871 qui
454 1789 521 1868 fiat,
536 1796 574 1853 ut
589 1790 749 1854 medicina
759 1789 849 1855 vobis
863 1789 925 1852 ista
939 1789 1022 1852 nihil
1037 1789 1079 1852 sit
1093 1790 1198 1872 opus?

266 1891 350 1953 Tum
373 1891 400 1954 si
423 1912 535 1955 verum
559 1892 618 1968 sit3
642 1895 723 1956 hauc
742 1893 903 1974 repimiuis
918 1890 1059 1972 formum
1084 1912 1187 1954 omues
1209 1891 1325 1974 ubique

222 1993 384 2057 Ecclesiae
402 1996 573 2076 recepisse;
601 1995 688 2079 quod
713 2015 824 2060 omues
847 1994 967 2078 ubique
987 1982 1195 2080 receperunt3
1218 2003 1326 2060 vestra

221 2117 279 2160 cur
292 2118 359 2160 non
374 2097 510 2180 recipit?
556 2099 623 2163 Cur
637 2104 766 2161 tantum
781 2098 904 2160 diversa
925 2096 993 2160 abit
1015 2096 1056 2159 ab
1076 2097 1238 2176 Ecclesiis,
1252 2120 1324 2181 quae

220 2199 341 2283 ubique
355 2207 427 2264 tum
441 2201 572 2265 fuerunt
587 2202 760 2266 omnibus?
803 2200 1017 2264 Verissimum
1039 2199 1127 2263 enim
1141 2199 1175 2263 id
1189 2200 1323 2265 verbum

220 2308 279 2379 est,
295 2323 332 2366 ac
346 2304 398 2366 vel
413 2304 565 2368 asterisco
579 2292 760 2369 notandum
771 2303 927 2385 :formum
941 2304 1029 2365 illum
1043 2304 1205 2384 repimiuis
1219 2325 1323 2369 omues

126 2468 130 2473 ,
220 2405 331 2488 ubique
360 2407 521 2470 Ecclesics
558 2409 720 2489 recepisse.
765 2407 837 2472 Nec
871 2413 947 2470 ante
979 2406 1040 2469 hoc
1066 2406 1217 2470 saeculum
1245 2407 1321 2473 ullae

221 2531 355 2591 usquam
371 2510 522 2574 Ecclesiae
538 2511 740 2589 exstiterunt,
754 2530 825 2593 quae
838 2530 895 2593 per
905 2508 993 2587 alios,
1010 2529 1106 2591 quam
1117 2530 1173 2592 per
1187 2511 1320 2593 Episco-

222 2635 290 2695 pos‚
306 2620 505 2697 regerentur.

264 2715 371 2781 Quare
386 2738 453 2780 non
478 2722 546 2779 erat
568 2735 671 2780 causae
686 2714 867 2798 quicquam,
888 2713 928 2776 Ut
949 2712 1083 2775 dilueres
1097 2713 1314 2793 suspicionem,

218 2835 290 2897 quae
313 2815 394 2879 mihi
408 2816 499 2879 nulla
512 2815 666 2894 haerebat,
686 2816 763 2879 uelle
778 2821 808 2878 te
822 2814 926 2877 ordini
948 2815 1037 2876 male.
1083 2815 1260 2897 Nunquam
1282 2815 1318 2879 id

216 2915 352 2979 inducar
367 2924 403 2980 ut
418 2917 556 2994 credam,
577 2924 615 2980 ut
637 2917 692 3000 qui
714 2916 775 2980 tibi
789 2937 847 2999 per
860 2917 971 2980 literas
986 2922 1059 2978 tuas
1079 2918 1233 2980 asserenti
1248 2938 1318 2982 ore·

217 3018 301 3097 dam,
318 3020 463 3100 conqueri
478 3021 516 3082 de
527 3025 557 3082 te
567 3024 728 3095 vestrates,
741 3019 826 3101 quod
837 3019 868 3082 ei
882 3026 950 3082 tam
964 3017 1069 3082 faveas
1085 3039 1121 3082 ac
1136 3019 1218 3083 bene
1227 3020 1316 3087 velis.

216 3120 374 3203 Equidem
398 3121 481 3184 bene
503 3121 582 3185 velle
604 3127 648 3200 te,
677 3120 786 3184 nullus
809 3121 938 3186 dubito:
972 3121 1028 3184 sed
1050 3120 1113 3185 fide
1133 3128 1191 3185 tua
1211 3123 1316 3206 magis

215 3222 381 3301 adductus,
399 3245 492 3305 quam
510 3229 710 3308 argumento.

257 3324 417 3390 Dilaberis
447 3326 535 3390 enim
565 3326 627 3406 hic,
655 3326 696 3391 ab
719 3325 841 3404 ordine,
865 3327 906 3390 ad
928 3326 1075 3391 homines
1097 3347 1208 3390 omnes
1230 3327 1315 3412 ipsos

118 3490 132 3505 ,
212 3428 406 3512 Episcop0s3
430 3429 470 3492 de
485 3451 621 3513 quarum
640 3428 829 3508 eruditione,
845 3429 1012 3506 industria,
1031 3430 1193 3513 martyrio,
1209 3432 1314 3495 multa

212 3537 250 3594 tu
265 3532 394 3614 quidem
406 3533 565 3616 praeclare.
604 3534 668 3597 Sed
680 3533 739 3618 (uti
753 3533 850 3616 nosti)
863 3540 954 3596 erant
969 3533 1056 3611 olim,
1068 3533 1123 3615 qui
1137 3540 1314 3617 tyrannum
1414 3573 1417 3578 ·

212 3635 358 3716 oderunt,
384 3658 450 3700 non
473 3636 698 3721 tyrannidem3
731 3636 853 3720 quidni,
881 3637 1010 3719 etjam,
1038 3636 1093 3718 qui
1118 3637 1313 3720 Episcopum

211 3747 329 3818 ament,
366 3762 433 3804 non
471 3740 724 3823 Episcopatum?
769 3740 870 3802 Mitte
898 3760 974 3802 vero
1003 3738 1169 3802 homines:
1207 3740 1312 3802 homi-

208 3842 305 3905 nibus
320 3843 433 3921 missis,
450 3842 500 3906 dic
516 3843 556 3906 de
571 3843 640 3926 ipso
656 3843 776 3908 ordine.
822 3844 919 3920 Nam,
933 3841 1085 3906 Calvinus
1100 3842 1166 3924 ipse
1178 3851 1211 3905 et
1226 3843 1312 3906 Beza

209 3945 235 4007 si
265 3947 309 4008 ad
332 3948 487 4010 Presules
513 3953 635 4010 uestros
655 3948 857 4029 scripserunt,
882 3945 963 4010 scito
986 3952 1020 4009 et
1043 3946 1084 4008 ad
1104 3946 1177 4009 illos
1191 3947 1312 4030 pariter

209 4047 378 4129 scripsisse,
403 4070 481 4131 quos
504 4049 683 4131 pervicaces
705 4048 801 4125 dicis3
835 4069 872 4111 ac
897 4047 1033 4130 proferri
1056 4048 1096 4111 ab
1120 4048 1159 4111 iis
1181 4049 1310 4114 illorum

207 4149 316 4212 literas
346 4171 424 4230 quas
450 4149 618 4213 obtendunt
636 4151 825 4232 pervicacis
844 4170 917 4228 suu,
943 4157 1039 4233 atque
1065 4149 1148 4213 illud
1172 4151 1310 4216 subinde

206 4257 383 4334 regerunt3
416 4251 541 4315 Calvini
571 4253 649 4336 quid
672 4252 770 4318 verba
793 4251 932 4331 audiam,
961 4274 1035 4346 cum
1058 4253 1145 4316 facta
1170 4253 1307 4319 videam.

208 4353 297 4438 Ordo
319 4352 404 4415 enim
427 4353 495 4436 ipse
519 4354 545 4416 si
563 4363 621 4433 est,
638 4355 766 4438 qualem
780 4355 881 4419 videri
903 4355 961 4433 vis,
979 4377 1053 4419 eum
1068 4355 1231 4438 Episcopi,
1247 4378 1308 4422 nec

207 4455 380 4538 Anglicani
392 4456 565 4535 meliorem,
578 4479 638 4521 nec
655 4458 793 4541 Hispani
803 4457 994 4522 deteriorem
1005 4457 1157 4528 reddunt.
1184 4458 1307 4523 Admo-
