2970 4914
224 262 269 324 32
605 251 728 322 'couc1o
750 275 792 322 su
814 275 943 324 omnen

224 413 366 494 negotia:
390 418 421 474 et
446 409 612 496 Synodum
636 413 800 491 celebrare,
819 433 880 475 nan
896 411 965 494 fait
986 414 1085 477 Paulo
1112 421 1185 493 tarn,
1206 418 1325 478 atinam

224 536 295 578 aera
317 537 374 579 nec
396 516 483 578 nabis
505 536 601 593 nunc,
616 515 885 602 χρονοτριβῆσαι.
929 517 1084 598 Magnam
1108 539 1179 580 aera
1204 519 1326 603 Synodi

224 621 446 698 necessitatem,
464 620 514 682 aet
532 619 569 681 ab
590 621 648 681 trac
668 639 771 697 anam,
788 620 871 700 qaod
892 620 926 680 in
947 620 1046 682 inedia
1070 621 1190 700 itinere,
1211 623 1245 684 in
1266 624 1326 684 aaa

224 723 371 805 Apostoli
382 720 586 804 festinatione
608 728 707 800 tanta,
725 724 759 785 in
781 724 830 785 tris
852 723 949 786 tantis
971 729 1140 804 ternparnrn
1162 727 1324 807 angustiis,

216 828 418 908 praetermitti
436 833 539 889 tamen
553 847 614 888 nan
629 826 742 889 debuit.
1163 825 1166 832 '

270 931 334 993 Car
347 951 418 994 aera
433 951 494 993 non
509 931 613 994 debait
620 930 831 1011 pratanaitti,
841 930 875 992 in
890 950 985 1020 cansa
992 928 1070 1010 fnit,
1087 932 1170 1012 qnod
1183 932 1325 994 cernebat

224 1035 327 1096 animo
343 1034 473 1112 Paulus,
489 1025 648 1096 irnniinere
667 1039 731 1096 tam
751 1032 838 1096 Asiae
851 1024 1024 1114 procellam
1035 1055 1182 1116 araaern;
1205 1055 1266 1096 nan
1286 1034 1325 1095 ab

225 1137 431 1220 Hermogene
452 1137 551 1199 satana
572 1142 603 1199 et
626 1136 783 1220 Phygello
804 1135 963 1199 haereticis
972 1162 981 1214 ;
1015 1137 1080 1218 (qai
1102 1143 1205 1200 tamen
1227 1139 1325 1218 panta

217 1249 301 1324 post,
325 1249 362 1305 at
386 1243 452 1324 ipse
476 1239 599 1322 referte,
622 1247 721 1303 totam
736 1261 827 1322 pane
848 1241 962 1304 Asiam
985 1262 1004 1303 a
1022 1234 1090 1322 fide
1114 1243 1322 1324 averterants)
1372 1288 1375 1295 -

225 1347 290 1408 Sed
303 1346 342 1408 ab
354 1345 524 1428 Ephesinis
539 1346 605 1407 iltis
619 1336 858 1408 Bestiissrnatta
874 1345 982 1426 maqis,
996 1341 1105 1426 qnibias
1120 1346 1325 1409 Resurrectio

147 1476 155 1483 ·
215 1449 378 1530 jamtum,
396 1449 532 1529 adeoque
548 1453 615 1510 tota
631 1447 759 1528 Religio
773 1442 871 1532 ἀργὸς
885 1443 994 1527 λόγος.

270 1553 373 1624 Qnare
386 1553 528 1614 nltimam
540 1553 613 1632 jaan
627 1551 735 1613 videns
753 1552 875 1614 Cteram
889 1553 970 1614 nanc
984 1552 1168 1634 Apostolus,
1185 1574 1241 1615 nec
1254 1554 1327 1634 jans

224 1657 356 1736 amplias
370 1656 502 1733 eisarna,
519 1675 588 1717 cana
602 1643 822 1735 sciret⁴qnanti
836 1656 1008 1733 interesset,
1025 1662 1165 1719 attentos
1183 1677 1256 1734 esse,
1274 1658 1326 1737 qai

216 1759 392 1840 principem
414 1760 449 1820 in
474 1757 618 1821 Ecclesia
643 1759 743 1820 laeana
769 1763 916 1836 tenerent,
945 1764 1082 1821 attentas
1111 1760 1185 1840 ipse,
1211 1780 1262 1821 eas
1290 1766 1327 1821 nt

223 1869 363 1926 attentos
379 1863 532 1940 redderet,
549 1882 608 1942 aaa
628 1863 762 1923 venienti
776 1863 849 1924 anic
866 1867 953 1924 tanta
975 1863 1056 1924 rnato
1075 1862 1254 1926 attentione
1268 1884 1326 1924 sna

223 1972 428 2044 accurrerent,
447 1965 613 2050 Synodum
627 1966 709 2028 hanc
730 1964 848 2043 trabait,
864 1970 895 2027 et
909 1966 990 2026 nane
1009 1966 1043 2027 in
1060 1965 1190 2050 Synodo
1205 1967 1326 2029 cancia-

222 2090 300 2148 nern,
316 2069 496 2133 Attendite.
750 2122 754 2127 .
851 2113 854 2118 -
1196 2128 1198 2132 Α

264 2174 304 2235 In
318 2193 412 2255 eaqae
428 2174 568 2255 regulam
587 2173 674 2235 nabis
680 2173 759 2254 finit
773 2171 906 2234 nubendi
929 2171 1086 2256 Synodos.
1130 2173 1204 2235 Non
1225 2173 1324 2251 mado,

221 2276 250 2338 si
274 2283 421 2339 exortum
442 2276 511 2359 jam
533 2296 679 2338 murmur
702 2283 750 2338 est
777 2274 826 2357 (ut
848 2295 916 2358 cap.
932 2275 1022 2358 vis);
1047 2275 1076 2338 si
1098 2276 1167 2360 jam
1182 2276 1324 2341 ,emersit

221 2378 360 2458 haeresis,
379 2379 427 2462 (ut
442 2400 510 2462 cap.
526 2401 576 2442 xv.
583 2376 631 2461 11);
660 2379 704 2441 ad
723 2379 896 2456 Medetam,
915 2385 984 2441 earn
1008 2379 1085 2459 qnid
1103 2379 1247 2442 Ecclesia
1270 2379 1323 2441 de-

221 2481 360 2545 trimenti
375 2483 474 2564 cepit}
504 2482 561 2544 sed
580 2483 683 2560 etiarn,
699 2482 728 2544 si
742 2483 881 2545 rninatar
903 2487 1075 2564 tempestas,
1093 2482 1121 2545 si
1136 2483 1246 2565 Lupus
1261 2503 1324 2564 pra

213 2583 339 2665 scribas
361 2592 416 2664 est,
432 2592 466 2648 at
488 2587 545 2648 troc
567 2586 642 2664 loca,
659 2586 704 2648 act
727 2587 896 2664 Cantetarn,
912 2606 950 2648 ne
973 2586 1050 2666 qnid
1070 2585 1213 2659 Ecclesia
1228 2586 1325 2648 detri-

221 2691 316 2752 menti
341 2691 456 2770 eapiat.
505 2689 665 2751 Carteiam
693 2709 766 2751 aero
796 2687 928 2752 Medeia
949 2690 1210 2769 prestantiorem,
1242 2689 1328 2771 arrad

221 2792 367 2855 Medicos
379 2817 388 2868 3
426 2798 457 2854 et
486 2789 846 2876 apouoiaaaeravoia‘e,
886 2792 972 2872 apad
999 2791 1188 2876 Theologos,
1219 2812 1324 2874 recep·

221 2901 286 2956 tarn
301 2901 356 2958 est.

262 2995 351 3074 ,Quid
369 3004 472 3060 actarn
487 2998 596 3062 Mileti
615 2999 649 3060 in
666 2997 795 3082 Synodo
814 2999 882 3076 iac,
899 2998 976 3079 qnid
994 3000 1184 3077 contemsit,
1200 2999 1229 3061 si
1244 3020 1325 3081 qna-

220 3103 302 3180 ritis,
325 3103 386 3184 tegi
407 3101 492 3164 nabis
514 3103 680 3166 Cononem
706 3122 870 3184 magnum,
897 3102 1050 3164 Oenonen
1072 3103 1111 3164 de
1131 3102 1322 3166 Attentione

221 3212 286 3268 tarn
314 3211 383 3268 nost
406 3207 422 3284 ⁰,
451 3212 515 3268 tam
546 3205 671 3288 Gregis.
721 3205 850 3267 Unicnrn
876 3206 964 3266 ittam
986 3205 1117 3286 qnidam,
1141 3206 1197 3268 sed
1221 3206 1323 3268 instar

220 3311 402 3372 maltorum:
427 3310 535 3391 eaiaae
549 3309 578 3371 si
593 3307 711 3372 attenti
724 3307 861 3371 fuissent
873 3309 1045 3372 Curatores
1057 3308 1217 3387 Ecclesiae,
1229 3309 1323 3372 nnica

220 3415 285 3476 ttae
301 3411 457 3497 Synodus,
470 3413 578 3476 nnicns
593 3413 644 3475 tric
658 3413 772 3476 Canon
788 3411 935 3475 Milesius
950 3413 1029 3474 satis
1035 3409 1152 3493 fnisset
1160 3439 1171 3487 ;
1194 3412 1263 3476 Nec
1277 3418 1323 3476 tot

153 3510 155 3514 ⁴
214 3523 289 3599 post
319 3517 466 3600 Synodis,
497 3514 659 3594 Consiliis,
690 3516 910 3580 Conventibus
947 3537 1022 3597 apres
1050 3518 1156 3595 attam,
1187 3516 1231 3578 ad
1259 3522 1323 3578 tarn

220 3623 331 3685 rnnttas
347 3621 502 3698 Canones,
519 3621 611 3698 Acta,
628 3620 766 3683 Decreta
781 3620 1001 3682 coacervanda.

265 3728 295 3788 l.
321 3725 386 3797 Qna
401 3726 435 3786 in
452 3725 574 3807 Canane
593 3743 730 3805 macana
750 3723 844 3801 vobis
860 3742 1035 3803 enpanaqne
1050 3723 1114 3783 tria
1128 3723 1201 3784 trac.
1247 3723 1322 3784 Pri-

219 3848 302 3891 nrnrn
322 3829 359 3890 de
374 3830 514 3892 Decreto
535 3828 612 3909 ipso,
628 3827 697 3907 ipsa
717 3845 822 3906 menae
845 3825 1040 3888 attentione:
1068 3825 1168 3905 Caput
1182 3825 1262 3887 eninr
1277 3831 1323 3886 est

221 3933 315 3994 totins
324 3933 453 4009 Versus,
468 3931 513 4013 (nt
523 3928 749 3992 Jurisconsulti
761 3929 936 4011 toqanntnr)
953 3927 1099 3990 Verbum
1114 3927 1321 4010 operativum,

220 4034 344 4097 sabana
352 4036 500 4114 primurn,
517 4031 698 4097 Attendite.

263 4139 294 4202 2.
319 4137 502 4215 Secundam,
520 4137 557 4199 de
574 4135 775 4200 Attentionis
797 4137 888 4217 trajns
911 4133 1105 4212 extensione,
1122 4153 1276 4216 qaamqne
1290 4153 1325 4196 se

214 4242 371 4323 pangat,
387 4241 476 4303 etad
490 4260 584 4321 qaas:
609 4239 663 4304 Ad
675 4261 731 4303 vos
746 4239 839 4323 ipsos,
857 4239 898 4302 ad
914 4258 1044 4321 gregem
1057 4236 1251 4299 universum.

263 4347 294 4408 3.
321 4345 457 4407 Tertiam
480 4343 517 4405 de
535 4343 737 4407 Attentionis
760 4344 851 4425 anjns
872 4341 1055 4404 intensione
1074 4340 1120 4420 (at
1142 4340 1176 4401 in
1199 4338 1322 4402 Scholis

317 4470 326 4493 2
344 4464 358 4511 2
371 4462 436 4511 Tim.
448 4461 465 4510 i.
474 4462 512 4510 15.
824 4469 836 4501 ί
853 4458 921 4525 [Aa.
933 4457 1108 4523 Apost.vi.1.]

315 4525 324 4559 f
340 4527 421 4579 ICor.
430 4541 470 4576 xv.
480 4528 520 4576 32.
714 4566 728 4590 ,
824 4524 836 4558 ¹¹
854 4524 921 4590 [Act.
934 4525 1022 4588 Apost.
1035 4537 1076 4573 xv.
1090 4525 1112 4572 1.
1126 4521 1190 4585 seo]
