2970 4914
207 268 250 331 60
553 279 810 331 concionamur
832 276 961 340 uisuri,
1059 358 1064 367 ι

208 436 263 520 qui
277 436 319 500 sit
334 437 449 520 Regno
465 436 563 515 illius,
578 436 680 501 hostis
701 435 884 520 capitalior:
906 432 1043 497 Illorum
1062 431 1149 497 euim
1169 435 1311 499 auctori·

207 546 275 607 tate
290 547 323 605 et
336 539 455 604 virtute
469 540 525 618 fit;
547 560 599 619 ne,
615 540 738 623 cuique,
755 538 841 623 quod
861 536 950 616 libet,
965 535 1078 600 liceat:
1104 537 1190 619 (utar
1202 537 1312 603 verbis

210 643 395 726 Scripturas)
412 664 455 707 ne
476 644 613 726 quisque,
634 644 718 725 quod
735 648 853 706 rectum
871 640 995 703 videtur
1007 640 1042 701 iu
1056 640 1153 702 oculis
1166 641 1259 721 euia‘,
1273 641 1318 707 id'

206 745 312 809 facere
326 748 427 829 possit
440 745 590 829 impune:
613 745 648 809 id
663 746 757 829 quod,
770 752 804 822 et
818 743 934 827 potuit,
950 749 984 806 et
997 741 1074 806 fecit
1088 742 1223 826 quisque
1233 764 1310 809 cnm

209 850 279 912 Rex
297 849 406 912 nullm
422 848 457 912 in
480 849 589 912 Israel.
635 849 753 912 Facere
772 868 848 911 vero
871 865 1030 930 quemque
1049 866 1142 929 posse
1164 846 1310 931 impune,

208 951 294 1034 qnod
316 951 377 1016 sibi
397 959 521 1016 rectum
542 951 677 1030 videtur,
699 950 734 1014 id
754 971 831 1015 vero
855 949 1000 1033 impense
1025 949 1114 1032 cupit
1129 948 1310 1030 Abaddon3

207 1055 327 1118 Animo
350 1055 437 1119 illius
461 1055 544 1119 bene
571 1055 631 1132 sit;
655 1056 770 1138 Regno
798 1053 884 1117 illius
912 1051 995 1116 bene
1019 1051 1079 1130 sit;
1101 1052 1185 1117 istnc
1210 1049 1238 1116 si
1262 1053 1312 1119 sic

208 1157 313 1222 detur.

252 1263 390 1326 Rectum
415 1261 502 1326 enim
525 1268 596 1325 tum
622 1260 789 1340 videbitur,
818 1259 853 1323 in
882 1259 983 1323 oculis
1012 1255 1143 1339 Michae‚
1170 1260 1311 1326 conflare

161 1392 164 1398 ’
208 1372 313 1449 atque·
325 1363 446 1448 erigere
466 1364 527 1427 sibi
542 1363 673 1427 Idolum
687 1365 774 1427 intra
787 1363 927 1446 privatos
946 1361 1094 1445 parietes,
1111 1364 1133 1426 J
1134 1363 1217 1427 udic.
1232 1364 1310 1428 xvii.

208 1469 251 1531 Et
281 1466 366 1550 quod
396 1466 526 1544 Michae,
557 1466 670 1549 quidni
699 1474 732 1530 et
761 1466 837 1529 alii?
894 1466 957 1544 Ita,
988 1472 1067 1548 quot
1095 1465 1235 1546 familiae,
1258 1473 1312 1532 tot

208 1570 373 1634 idolorum
387 1575 549 1653 “portenta
570 1590 661 1633 nova
708 1569 863 1634 Miseram
884 1589 960 1633 vero
982 1568 1169 1649 Ecclesiam,
1184 1568 1242 1634 ubi
1264 1570 1311 1635 sic

208 1673 312 1737 datur.

252 1776 390 1839 Rectum
409 1781 481 1839 tum
503 1774 664 1839 videbitur
686 1775 827 1856 Danitis,
847 1796 968 1859 rapere,
985 1775 1119 1858 clepere,
1133 1797 1195 1839 nec
1210 1776 1310 1842 modo

207 1878 345 1962 privatas
367 1878 486 1941 Michae
509 1878 592 1942 aedes
614 1899 820 1963 perrumpere
832 1903 841 1955 ;
866 1879 921 1942 red
943 1885 1028 1942 totas
1052 1878 1131 1943 adeo
1149 1878 1256 1959 urbes,
1270 1886 1311 1944 ut

208 1980 315 2060 Laish,
333 1981 480 2063 expilare,
500 1980 646 2064 diripere,
668 2002 780 2045 omnes
798 1982 838 2045 ad
860 2003 963 2045 uuum
985 1981 1199 2045 internecioni
1221 1981 1309 2048 dare.

208 2085 230 2147 J
231 2083 316 2147 udic.
332 2083 415 2147 xviii.
449 2084 587 2147 Rectum
601 2091 673 2146 tum
687 2084 722 2147 iu
737 2085 836 2148 oculis
851 2085 991 2148 virorum
1008 2085 1120 2163 Gibea,
1136 2085 1310 2149 mulierum

207 2191 327 2268 raptus,
344 2191 377 2248 et
392 2190 504 2267 stupra
518 2205 560 2248 ne
575 2185 773 2248 nominanda
788 2185 936 2268 quidem:
961 2186 982 2247 J
984 2185 1068 2249 udic.
1078 2185 1142 2249 xix.
1186 2187 1309 2250 Funes-

206 2295 275 2351 tam
290 2309 365 2351 vero
381 2288 486 2372 Regni
501 2288 625 2367 faciem,
640 2287 697 2351 ubi
712 2288 756 2352 sic
772 2288 876 2352 datur.
912 2289 1003 2366 Haec,
1019 2294 1116 2372 atque
1130 2288 1181 2352 his
1193 2288 1311 2354 similia

207 2399 245 2454 ut
266 2392 357 2470 fiant,
379 2391 414 2454 id
433 2412 508 2455 vero
525 2391 616 2455 valde
638 2391 725 2470 velit,
748 2399 781 2455 et
800 2412 919 2475 magno
938 2397 1101 2456 mercetur
1118 2391 1308 2457 Abaddou¹.

210 2495 289 2559 Haec
304 2515 388 2570 vero,
405 2494 456 2557 his
479 2494 595 2558 similia
616 2515 658 2558 ne
680 2495 771 2573 fiant,
788 2496 893 2578 Reges
916 2495 1035 2558 scilicet
1057 2494 1093 2557 in
1114 2515 1205 2558 mora
1221 2502 1307 2560 umt.

210 2598 328 2677 Quare,
351 2598 423 2661 illos
449 2598 571 2677 tollere,
594 2598 658 2661 illis
687 2599 824 2662 salutem
851 2599 972 2677 tollere,
997 2618 1186 2682 quocunqne
1212 2598 1310 2663 modo

210 2701 336 2784 satagit,
351 2701 387 2764 in
402 2721 502 2784 eoque
517 2707 606 2764 totus
621 2707 679 2765 est.

254 2805 409 2882 Primum,
422 2811 455 2867 et
470 2809 544 2866 ante
559 2803 676 2882 omnia,
692 2799 850 2890 ἀναρχίαν
864 2804 970 2869 vellet.
1016 2804 1057 2868 Id
1072 2804 1179 2868 sinon
1194 2803 1289 2870 detur
1296 2828 1309 2885 ς

210 2905 303 2982 Tum,
320 2906 434 2988 Reges,
459 2905 595 2968 alterum
618 2911 690 2988 post
714 2905 850 2968 alterum
877 2906 1114 2989 quamprimum
1138 2906 1309 2972 demedio

209 3006 299 3069 tolli:
324 3027 387 3088 quo
409 3007 455 3069 sic
476 3007 633 3069 fluctuent
655 3026 751 3089 repca
768 3008 871 3070 instar
886 3009 1049 3072 arundinis
1063 3009 1097 3072 ic
1116 3008 1235 3090 aquai:
1262 3009 1309 3092 (id

210 3109 297 3192 quod
312 3130 374 3172 usu
387 3109 475 3172 venit
491 3111 579 3192 Rege
601 3129 684 3192 saepe
705 3111 841 3192 mutato)
859 3132 1079 3194 necunquam
1101 3111 1308 3176 stabilitatem

208 3219 329 3275 certam
341 3218 595 3294 consequantur:
612 3232 676 3294 quo
688 3214 941 3296 sempertenella
951 3213 1026 3294 siut,
1037 3215 1126 3296 Rege
1138 3213 1200 3278 alio
1211 3219 1309 3299 atque

206 3313 270 3379 alio
285 3335 420 3397 semper,
436 3334 497 3377 nec
518 3335 662 3397 unquam
684 3322 796 3378 contra
817 3337 922 3380 mores
943 3316 1153 3400 hominesque
1169 3317 1308 3381 nefarios

206 3419 438 3482 convalescant.

249 3521 399 3585 Vidimus
412 3521 480 3605 jam
493 3521 621 3587 Quare:
647 3522 719 3589 Quo
734 3522 831 3586 modo
846 3522 945 3586 etiam
961 3523 1066 3606 Reges
1080 3521 1242 3606 perditum
1254 3528 1307 3587 eat
1327 3547 1332 3553 ·

103 3627 107 3635 '
204 3625 374 3704 Abaddon‚
390 3623 424 3686 id
444 3645 570 3708 quoque
593 3625 673 3688 scire
695 3625 958 3708 operaepretium
981 3631 1040 3689 est.
1086 3625 1147 3688 Fas
1168 3645 1252 3703 vem,
1267 3645 1307 3689 ex

205 3728 317 3791 eodem
333 3728 411 3810 Cap.
426 3746 513 3789 nono
528 3726 774 3810 Apocalypseos.
821 3725 874 3789 lbi
888 3725 985 3804 enim,
1002 3725 1183 3790 emissarios
1197 3726 1306 3807 habet,

205 3831 357 3894 Locustae
368 3851 407 3893 ex
417 3829 507 3893 fumo
517 3829 607 3912 putei
619 3828 855 3905 ascendentesl,
871 3828 1019 3910 (quorum
1032 3829 1102 3892 Rex
1113 3828 1233 3892 scilicet
1244 3829 1303 3913 est)

205 3941 239 3996 et
252 3934 324 3996 illos
339 3953 464 4015 quoque
479 3931 621 4015 perinde,
633 3937 671 3994 ul:
685 3951 742 3994 rex
757 3951 868 3994 eorum
878 3929 1047 4009 Abaddon,
1059 3932 1187 4014 Regum
1197 3932 1307 3996 hostes

201 4035 427 4119 juratissimos.
466 4035 536 4098 Hos
551 4033 714 4097 submittit
728 4032 805 4096 huic
819 4032 959 4116 negotio.
998 4033 1064 4099 Qui
1077 4055 1154 4098 vero
1164 4035 1308 4098 Lauare

204 4138 263 4202 hi?
310 4138 420 4200 Genus
443 4136 639 4215 animalium,
657 4135 773 4219 quibus
787 4135 895 4198 vultus
912 4135 1085 4214 humanus,
1106 4137 1214 4220 capilli
1234 4124 1307 4201 mn-

204 4239 337 4304 liebres:
361 4259 471 4303 verum
485 4238 604 4301 leonini
621 4237 743 4317 dentes,
756 4245 788 4301 et
800 4237 909 4302 caudae
925 4238 1128 4322 scorpionum
1143 4238 1305 4316 aculeatae,

232 4427 248 4460 .¹
264 4418 338 4467 Deut.
351 4416 397 4464 xii.
408 4418 430 4464 8.
809 4416 817 4446 2
836 4418 848 4463 1
863 4415 923 4478 Reg.
936 4416 987 4464 xiv.
1001 4418 1039 4466 15.

238 4491 246 4512 ⁸
264 4483 310 4548 [of.
324 4481 395 4543 Virg.
409 4479 464 4530 AEn.
476 4480 503 4529 ii.
517 4479 582 4543 loa]
810 4488 821 4510 “
840 4480 929 4545 [Apoc.
942 4481 976 4530 ix.
990 4483 1012 4531 2.
1025 4480 1058 4543 3.]
