2970 4914
579 284 672 331 111111
694 283 849 332 nonium.
1200 273 1263 335 195

163 435 309 498 ordinem
331 437 555 519 Episcopalem
577 458 596 499 a
618 436 843 520 Presbyterali,
865 444 898 500 et
920 438 956 500 in
979 459 1051 502 cam
1070 460 1139 503 rem
1161 442 1265 505 multa

164 538 257 601 affers
272 560 311 601 ex
326 539 486 616 Patribus,
497 539 552 620 qui
566 539 745 622 loquuntur
757 540 796 603 de
811 541 1013 606 ordinatione
1023 543 1263 626 Episcoporum.

164 643 241 705 Non
267 663 400 724 pugno:
436 643 481 706 sic
511 641 597 705 enim
624 643 801 725 loquuntur
827 651 961 708 veteres.
1009 645 1058 708 Ac
1082 667 1265 729 quanquam

163 745 351 826 Pontificale
375 747 557 809 Romanum
577 765 654 808 voce
675 746 737 809 hac
759 745 910 823 abstinet,
925 746 978 809 usi
997 753 1107 811 tamen
1129 756 1206 812 sunt
1229 771 1267 812 ea

162 854 285 911 veteres
296 848 470 912 Pontifices
481 848 634 912 Romani:
651 849 718 912 Leo
729 848 862 931 primus,
872 849 1017 931 Epistola
1026 850 1079 916 87.
1102 851 1264 934 [tepeat

163 972 233 1032 quae
248 957 297 1014 est
312 951 353 1014 ad
368 951 541 1034 Episcopos
556 950 752 1014 Viennensis
766 958 898 1027 tractus,
918 951 1024 1034 jubet,
1039 953 1123 1016 male
1138 953 1266 1016 ordina·
1289 942 1295 953 ⁴

161 1059 232 1116 tum
248 1053 443 1136 Episcopum
458 1053 648 1130 submoveri,
666 1058 698 1116 et
714 1052 826 1116 eadem
841 1053 988 1135 Epistola
1003 1054 1139 1118 eandem
1153 1077 1265 1120 vocem

162 1154 347 1237 frequenter
360 1161 495 1238 usurpat
506 1165 527 1218 ⁰.
566 1156 660 1218 Inter
674 1154 822 1218 ordinem
838 1177 913 1219 vero
928 1162 960 1218 et
975 1157 1112 1238 gradum
1127 1157 1189 1220 hoc
1205 1158 1267 1222 dis-

146 1259 285 1322 crimen
306 1260 408 1342 ponis,
426 1260 511 1342 quod
534 1259 651 1341 gradus
674 1260 933 1343 superioritatem
952 1261 1052 1325 solam
1070 1262 1212 1341 denotat,
1234 1272 1268 1326 at

161 1361 239 1424 ordo
254 1369 303 1425 est
318 1369 461 1445 potestas
476 1363 517 1426 ad
532 1369 639 1426 actum
655 1362 834 1445 specialem.
880 1363 1022 1446 Ideoque
1037 1385 1167 1429 omnem
1182 1358 1268 1429 ordi-

161 1484 237 1526 nem
253 1486 322 1528 esse
338 1465 484 1548 gradum,
501 1465 639 1545 sednon
653 1465 803 1529 vicissim.
842 1465 956 1530 Probe.
994 1467 1081 1531 Nam
1097 1469 1157 1531 etsi
1171 1470 1268 1532 multi

161 1565 231 1630 haec
245 1588 361 1630 vocum
382 1567 567 1632 discrimina
588 1589 656 1631 non
678 1568 859 1646 observant,
875 1568 991 1631 melius
1013 1577 1062 1632 est
1084 1577 1194 1634 tamen
1216 1573 1267 1634 uti

160 1670 294 1752 signatis
309 1670 451 1748 vocibus,
466 1678 514 1748 ut,
532 1692 602 1753 quae
623 1667 659 1734 re
678 1671 842 1749 differunt,
860 1671 992 1735 nomine
1013 1672 1264 1755 distinguantur.

164 1774 228 1836 Sed
242 1774 311 1836 haec
325 1773 407 1836 mihi
421 1794 488 1836 non
502 1773 629 1836 obsunt.
654 1772 805 1836 Debuisti
820 1774 906 1836 enim
918 1773 1059 1856 cogitare
1076 1776 1267 1858 quibuscum

161 1876 242 1939 mihi
255 1898 307 1940 res
322 1876 374 1939 sit.
406 1875 544 1959 Disputo
560 1875 711 1940 adversus
726 1876 913 1940 Pontificios
929 1877 983 1960 qui
999 1884 1122 1960 septem
1137 1879 1265 1942 ordines

162 1986 319 2057 statuunt,
336 1981 357 2043 J
359 1980 508 2058 anitores,
524 1980 685 2057 Lectores,
709 1979 904 2058 Exorcistas,
921 1979 1110 2063 Aoolythos‚
1129 1981 1265 2044 Subdia·

162 2103 268 2160 conos,
285 2082 455 2159 Diaconos,
466 2081 692 2165 Presbyteros:
714 2081 946 2164 Episcoporum
961 2103 1035 2146 vero
1050 2082 1196 2146 ordinem
1212 2089 1267 2145 aut

162 2185 379 2248 characterem
401 2183 518 2246 nolunt
540 2204 607 2246 esse
626 2182 786 2246 diversum
801 2205 821 2245 a
834 2183 1055 2267 presbyterali.
1106 2185 1160 2248 A'n
1176 2185 1268 2267 potui

163 2307 237 2350 cum
259 2286 304 2349 eis
327 2286 479 2349 differens
502 2285 573 2347 aliis
592 2284 724 2349 vocibus
746 2286 806 2364 uti,
824 2307 920 2368 quam
944 2307 1015 2368 quae
1038 2287 1123 2369 apud
1144 2307 1268 2350 00110-

163 2396 263 2473 ceptae
282 2389 381 2452 sunt?
427 2389 481 2451 An
501 2387 592 2470 potui
611 2409 705 2470 agere
729 2388 864 2451 cumeis
883 2388 922 2450 de
943 2388 1056 2452 ordine
1071 2389 1265 2471 Episcopali,

164 2512 258 2573 quem
288 2490 415 2552 nullum
445 2488 648 2572 agnoscunt?
695 2488 750 2550 An
776 2488 873 2550 debui
897 2488 932 2550 in
957 2510 1011 2551 eos
1036 2489 1155 2567 invehi,
1182 2489 1268 2570 quod

163 2592 384 2676 Episcopalem
409 2591 556 2655 ordinem
580 2611 647 2654 non
670 2590 791 2654 faciant
818 2590 978 2653 diversum
1005 2613 1024 2653 a
1047 2591 1266 2674 presbyterali,

163 2717 237 2760 cum
252 2715 294 2758 ne
310 2696 344 2759 id
359 2695 489 2778 quidem
504 2694 624 2758 faciant
639 2702 758 2757 nostrae
773 2692 947 2757 Ecclesiae?
978 2694 1052 2756 Hoc
1067 2693 1123 2775 qui
1137 2693 1267 2770 faceret,

163 2819 230 2862 non
253 2805 321 2862 tam
346 2818 420 2861 cum
441 2797 587 2860 Ecclesia
609 2799 766 2874 Romana,
782 2817 880 2879 quem
900 2816 975 2858 cum
995 2801 1138 2858 nostrate
1156 2796 1269 2859 confli-

164 2909 264 2984 geret.
309 2901 392 2964 Tum
415 2899 492 2982 quid
513 2905 681 2982 tantopere
704 2899 822 2962 attinet
844 2898 1000 2962 inhaerere
1021 2918 1136 2962 vocum
1159 2898 1269 2962 discri-

163 3004 254 3083 mini,
285 3024 359 3066 cum
389 3002 494 3066 omnis
523 3002 602 3064 ordo
631 3001 674 3063 sit
704 3001 831 3084 gradus,
849 3008 890 3064 et
905 3001 1102 3065 Diaconatus
1122 3021 1142 3062 a
1168 3001 1269 3063 Paulo

164 3108 281 3189 gradm
296 3106 483 3188 appelletur,
504 3105 532 3186 (l
551 3103 693 3167 1111111.
711 3124 792 3167 com.
804 3105 868 3185 13.)
895 3123 956 3166 1100
977 3103 1077 3186 possit
1092 3102 1268 3186 Episcopus

164 3209 275 3272 ordine
290 3207 421 3288 moueri,
439 3207 518 3290 quin
533 3205 637 3288 gradu
652 3205 801 3269 excidat?
846 3204 1013 3288 Perpende
1028 3205 1158 3268 obsecro
1171 3205 1268 3269 verba

164 3309 279 3375 moad:
308 3309 425 3374 Omnis
448 3309 625 3391 Episcopus
641 3315 690 3370 est
704 3307 876 3391 Presbyter
900 3315 932 3371 et
958 3307 1105 3370 sacerdos
1130 3307 1268 3390 corporis

165 3413 304 3494 Christi:
337 3419 370 3475 et
396 3413 436 3474 de
459 3411 510 3473 his
536 3410 680 3474 Ecclesia
709 3411 858 3472 Romana
880 3430 982 3472 unum
1006 3409 1153 3472 ordinem
1178 3408 1268 3473 facit.

165 3516 309 3598 Apparet
327 3535 403 3576 sane
425 3534 477 3576 me
499 3513 551 3575 his
565 3511 672 3575 verbis
692 3531 759 3573 non
773 3531 921 3589 asserere,
938 3510 1015 3594 quid
1030 3508 1145 3572 debeat
1171 3509 1267 3586 credi,

167 3617 222 3680 sed
238 3615 315 3699 quid
330 3615 449 3678 sentiat
464 3613 607 3678 Ecclesia
622 3615 778 3676 Romana.

211 3720 276 3782 Hic
290 3724 401 3782 tamen
415 3716 553 3781 occurrit
568 3713 794 3797 aliquid,quod
808 3713 992 3794 scrupulum
1006 3718 1112 3795 potest
1126 3711 1267 3794 injicere.
1345 3765 1347 3769 ,

201 3869 324 3934 epaon
335 3885 394 3932 ergo
406 3866 696 3918 Hilariustamatuduit
740 3866 762 3914 si
781 3865 915 3927 quisquam
941 3862 1048 3921 fratrum
1070 3865 1214 3912 nostrorum
1240 3862 1269 3910 in

168 3935 322 3999 Episcopum
334 3948 486 3992 consecrare,
499 3947 575 3995 quam
587 3946 645 3981 eum
656 3944 697 3993 po·
740 3943 887 3992 quacunque
898 3927 1028 3991 provincia
1039 3927 1179 3986 decesserit,
1187 3927 1210 3976 is
1220 3926 1269 3976 sibi

167 4000 226 4057 tius,
235 3999 279 4060 qui
287 3999 432 4060 aegrotabat,
440 3996 697 4058 occidcrc;etipsum‚
740 3989 1270 4053 ordinationumvindicetSacerdotis,quem

185 4078 243 4112 uem
263 4077 323 4125 supe
354 4063 429 4121 osuit,
460 4061 526 4110 male
551 4059 697 4109 ordinando
741 4057 811 4106 illius
823 4056 963 4105 Provinciae
976 4054 1201 4117 Metropolitanum
1217 4069 1270 4104 esse

168 4079 289 4189 decipere.
346 4140 373 4175 os
385 4130 479 4182 tamen,
489 4125 555 4186 quod
567 4124 639 4174 vobis
649 4137 698 4172 010
741 4118 1268 4181 00101110111.”-8.1100.1111Βο11101.

168 4190 253 4239 dimus
264 4189 317 4238 Deo
324 4189 411 4252 judice
422 4188 582 4250 placiturum,
593 4189 621 4236 in
632 4201 696 4236 com·
741 4185 852 4247 lxxxix.)
864 4182 896 4233 ad
913 4182 996 4247 Episc.
1005 4182 1169 4242 Viennenses,
1180 4197 1232 4245 cap.
1245 4197 1268 4230 r.

168 4269 245 4303 mune
256 4255 353 4302 cunctis
364 4253 482 4302 fratribus
493 4253 657 4310 consulentes,
670 4253 697 4299 et
740 4248 796 4312 Op,
808 4252 869 4298 tom
876 4247 893 4296 i.
903 4249 948 4297 col.
957 4245 1023 4308 638.]

169 4318 235 4368 male
257 4317 407 4367 ordinatum
426 4316 576 4376 submovcri,
595 4319 621 4365 et
640 4315 697 4364 Pro
772 4310 1267 4373 ιι1111111(10111111101οΡ0010111111,1).144.
1372 4310 1379 4319 '

165 4382 262 4445 iactum
282 4383 311 4430 in
332 4395 377 4430 sno
395 4379 533 4430 sacerdotio
550 4393 696 4443 permanere
740 4376 789 4490 ffDe
805 4377 831 4426 la
845 4375 970 4426 Vocation
986 4374 1030 4424 des
1046 4374 1171 4434 Pastcurs,
1186 4374 1230 4424 liv.
1240 4373 1268 4423 ii.

763 4441 831 4491 raict.
845 4441 866 4489 1.
879 4439 950 4503 ehap.
962 4442 984 4489 8.
994 4453 1019 4502 p.
1031 4437 1097 4501 iae]

989 4536 1010 4582 o
1032 4522 1052 4583 2

169 4445 260 4497 debere
275 4445 445 4494 decrevimus:
462 4443 490 4493 id
507 4447 652 4502 statuentes,
668 4447 697 4490 ut
