2970 4914
283 1093 476 1158 DECIMAE
499 1094 600 1159 NON
624 1095 745 1160 SUNT
767 1084 1078 1160 ABROGANDAE.

175 1314 242 1378 Eos
257 1312 335 1377 olim
352 1332 469 1391 mores,
486 1333 524 1376 ea
543 1317 687 1395 tempore
709 1312 817 1392 fuisse,
840 1313 876 1376 in
897 1312 1013 1396 quibus
1032 1313 1121 1376 lauta
1138 1312 1238 1378 fuerit

133 1417 312 1481 Sacerdotii
335 1415 488 1494 conditio,
511 1437 571 1480 nec
592 1415 688 1481 modo
707 1415 779 1479 istis
793 1417 957 1480 literarum
976 1438 1052 1480 sane
1066 1415 1237 1500 praeclaris,

132 1519 273 1583 sediliis
307 1519 405 1582 etiam
438 1538 529 1600 opum
559 1524 655 1600 atque
685 1518 875 1600 dignitatum
901 1518 1108 1596 ornamentis,
1140 1538 1238 1600 quam

132 1622 366 1700 florentissima,
388 1621 539 1684 Veritatis
556 1621 657 1684 Testis
671 1621 818 1684 Historia
833 1621 924 1684 testis
938 1628 997 1685 est.
1041 1620 1139 1704 Apud
1153 1621 1236 1685 Eth-

131 1726 221 1789 nicos
230 1724 467 1807 Theophrastus
489 1730 600 1788 auctor
620 1729 691 1786 est⁸
704 1744 762 1806 pro
782 1723 910 1786 decimis
935 1723 1112 1807 (inquibus
1126 1731 1237 1787 tamen

128 1828 188 1912 ipsi
211 1826 305 1891 nobis
336 1825 471 1909 dapsiles
496 1825 651 1909 videmur)
683 1827 795 1889 tertios
820 1826 995 1909 persolutus
1017 1847 1094 1890 esse.
1138 1826 1237 1910 Apud

131 1931 153 1994 J
155 1930 262 1994 udaeos
284 1935 394 1992 narrat
416 1928 519 2006 Philo,
538 1928 674 2011 Regibus
688 1949 771 2012 saepe
792 1928 938 1991 finitimis
953 1929 1141 1993 invidiosam
1161 1932 1237 1993 Cor-

129 2035 215 2098 borue
230 2032 426 2117 opulentiam
441 2031 598 2096 exstitisse
607 2030 630 2095 ὓ.
676 2031 774 2115 Apud
789 2031 1000 2110 Christianos,
1017 2053 1091 2096 cum
1110 2033 1236 2097 caeteris

128 2138 161 2200 in
188 2135 357 2214 Gentibus,
382 2142 454 2197 tum
479 2155 554 2198 vero
579 2134 615 2197 in
639 2143 749 2198 nostra
770 2135 841 2213 hac,
866 2142 991 2198 certum
1015 2143 1073 2214 est,
1097 2135 1176 2200 adeo
1201 2137 1237 2199 in

130 2240 325 2304 immensum
356 2237 529 2302 excrevisse
559 2236 769 2322 cupiditatem
799 2238 938 2321 augendi
964 2239 1057 2318 Cleri,
1082 2247 1120 2302 ut
1145 2260 1236 2322 mag-

130 2363 248 2426 nopere
269 2340 481 2405 metuendum
505 2346 598 2418 esset,
623 2361 666 2403 ne
688 2339 834 2403 Ecclesia
856 2341 1009 2403 Potitium
1029 2341 1235 2407 absorberet:

129 2447 245 2530 Itaque
253 2451 381 2509 maturo
390 2443 524 2508 consilio
535 2451 666 2507 cautum
675 2464 752 2521 esse,
766 2443 875 2525 (etiam
886 2463 974 2506 nunc
983 2443 1087 2507 caveri
1097 2465 1234 2528 quoque,

129 2571 206 2614 cum
229 2548 363 2612 minime
386 2568 465 2630 opus
487 2547 558 2630 est)
583 2567 625 2610 nc
648 2568 712 2630 qua
730 2546 850 2630 praedia
870 2552 1024 2609 mortuom
1043 2547 1077 2609 ia
1100 2568 1234 2626 morsum,

128 2653 241 2731 idest,
265 2651 306 2715 sd
333 2651 451 2714 Sacros
472 2670 555 2729 usus,
572 2650 640 2713 sine
661 2650 760 2732 Reyio
774 2649 953 2730 Dipiomotc
975 2649 1075 2733 legari
1093 2657 1234 2734 possent.

130 2755 179 2820 Hi
193 2755 271 2819 olim
284 2773 400 2832 mores,
416 2752 486 2816 haec
500 2759 654 2836 temporo.
700 2751 763 2816 His
777 2751 920 2816 moribus
935 2758 1031 2836 atque
1045 2752 1096 2815 his
1110 2760 1233 2836 tempo·

124 2857 227 2936 ribus,
251 2855 384 2922 minime
407 2856 458 2920 vel
483 2854 582 2918 dubia
603 2853 654 2919 vel
679 2853 855 2918 necessaria
878 2853 917 2917 de
940 2855 1141 2918 Decimooum
1159 2856 1234 2940 jure

130 2959 328 3044 disceptatio.

173 3067 221 3126 At
244 3067 339 3126 aetate
361 3059 494 3124 demum
517 3065 637 3138 nostra,
654 3079 738 3138 cum,
754 3066 792 3122 ut
814 3079 911 3122 senex
933 3057 999 3122 fere
1022 3057 1165 3142 quisque,
1187 3058 1235 3123 ita

131 3165 272 3230 mundus
287 3185 455 3229 senescens
469 3169 558 3228 totus
572 3162 677 3246 vergit
690 3163 812 3241 inaera,
830 3162 996 3227 Generalis
1011 3163 1159 3245 chiroqro
1174 3170 1233 3227 est·

132 3269 341 3335 Accessiones
364 3267 405 3331 ad
434 3267 557 3330 Olorem
581 3266 696 3344 nullae;
718 3267 844 3330 utinam
867 3265 902 3329 id
924 3273 1070 3329 tantum:
1106 3267 1234 3331 Crebrae

127 3370 388 3435 imminutiones.
433 3368 561 3433 Crebrae
586 3367 738 3450 (inquam)
762 3367 1004 3432 imminutiones
1020 3374 1113 3444 sunt;
1137 3375 1234 3451 atque

132 3475 261 3538 utinam
289 3471 324 3534 id
353 3476 484 3534 tantum
507 3470 675 3552 contingat
704 3469 818 3548 dicere,
845 3476 940 3547 sunt;
977 3489 1039 3532 nec
1068 3490 1163 3533 causa
1191 3471 1234 3534 sit

132 3597 276 3661 unquam
299 3573 402 3638 futuri
424 3572 577 3656 temporis
602 3571 787 3655 usurpandi.
831 3572 886 3636 Ad
907 3572 969 3636 hoc
991 3578 1099 3635 autem
1126 3573 1234 3636 saeculi

131 3679 234 3746 nostri
259 3677 436 3762 ingenium,
462 3676 595 3760 (inquo
618 3695 686 3759 ,prae
712 3674 783 3738 auri
808 3695 897 3738 sacra
919 3675 1013 3754 same,
1036 3674 1120 3737 nihil
1142 3692 1233 3758 paene

129 3805 256 3850 samum
270 3783 342 3866 est,)
361 3779 483 3845 accedit
499 3787 532 3844 et
547 3800 635 3843 error
652 3778 743 3856 aiter,
760 3777 847 3862 quod
861 3778 1009 3842 Illustrcs
1023 3777 1072 3840 illi
1087 3777 1156 3858 viri,
1172 3799 1234 3843 nec

163 3927 175 3950 ⁸
191 3915 338 3984 [Theophr]
360 3915 416 3966 Lib.
436 3915 471 3964 ix.
494 3913 532 3964 De
554 3913 660 3972 Plintis,
704 3911 836 3972 ὅσηδὲκαὶ
848 3911 1021 3962 τούτωνέστὶν
1032 3911 1234 3973 morianensi·

132 3998 185 4079 σεξ.
197 3984 220 4031 4.
238 3982 303 4047 [Op.‚
314 3996 339 4044 p.
347 3981 402 4060 154.
414 3979 495 4042 bugd.
507 3979 563 4028 Bas
578 3976 661 4058 lilia]
704 3997 771 4041 ραιτο
786 3979 805 4027 δ’
816 3975 846 4027 ἄν
856 3995 893 4068 ris
904 3978 932 4026 ἐκ
942 3978 986 4036 τῆς
994 3976 1056 4040 παρὰ
1071 3977 1100 4026 τὸ
1118 3977 1183 4058 ἔθνσὲ
1194 3997 1234 4027 πο-

194 4044 397 4112 [Maritimam
411 4045 449 4094 soi
461 4043 538 4094 ἄλλον
551 4042 662 4108 πόρονοῦ
705 4041 864 4104 avarspmtas
888 4039 1233 4103 ὲξὸνὰπάντωνέστὶδηλον,

133 4115 228 4177 βραχὺν
241 4109 346 4170 irratio
362 4110 414 4159 sois
431 4109 540 4172 leptim,
557 4107 662 4158 ἕκαστον
705 4105 742 4157 ὅτι
758 4104 879 4162 βασιλέως
897 4105 931 4156 εἷς
948 4103 1086 4165 σεμνότητα
1108 4108 1234 4168 universio

133 4180 182 4227 τῶν
192 4176 315 4240 προσόδων
322 4172 471 4257 ἀπόρχεσθΙω
479 4176 603 4233 κελεύσας,
613 4168 661 4222 ἀπό
704 4169 932 4285 Ξεμέιόιὲἒεὲὲἑὲξᾱὶε
954 4189 1016 4284 giga
1026 4171 1233 4286 Ἐνόμοςῖῧξὴιὲ

131 4237 663 4368 Ζὲἷὲἷοῖἕιῗέἷξέἱῗτξλῖἷῗὲιῖἷὶαὲᾎιθὲἱῖ
706 4249 1133 4364 sirls.aa1›ira1u'0.i''¹'¹''
1189 4272 1195 4285 ’

124 4370 211 4430 uiuis,
223 4369 263 4420 soi
273 4365 373 4418 αἰπόλια
382 4366 422 4416 rui
429 4364 663 4427 τὰςᾶλλαςάγέλας·

1293 1105 1354 1167 141
