2970 4914
338 267 385 329 84
721 279 837 326 concio
859 246 902 326 in
923 276 1053 325 cimon

338 418 389 482 vel
399 438 466 481 non
481 417 558 480 satis
572 415 817 481 acritendentes
829 416 946 480 animo.
969 413 1124 478 Perfacile
1133 411 1218 474 istuc
1228 411 1266 472 fit
1281 409 1415 491 (Patres)
1427 430 1435 470 ε

337 520 481 582 Attmtio
501 540 640 602 namque
661 519 730 583 sine
752 520 888 582 tensione
909 539 977 582 non
995 519 1042 580 fit.
1087 515 1240 580 Violenta
1259 532 1311 574 res
1331 519 1390 589 est,
1405 517 1439 573 et

338 622 468 686 Natura
487 630 598 686 nostra
621 623 740 686 tenella
760 629 827 700 est;
856 621 980 686 remitti
1000 620 1080 698 vult,
1102 617 1294 682 cucurbitam
1315 616 1438 692 Jonae¹¹‚

333 727 482 806 pulvillos
495 726 691 789 Ezechielis⁰
706 733 793 789 amat
807 733 840 789 et
851 731 1007 799 sectatm:
1031 722 1111 804 quin
1124 721 1152 783 si
1167 720 1274 803 aliqua
1283 718 1366 783 forte
1379 738 1440 780 nos

339 827 489 891 machina
516 827 664 906 tetendit,
694 828 803 890 statim
831 834 941 890 tamen
969 824 1071 911 (quod
1099 830 1192 886 acute
1217 819 1440 884 animadvertit

340 928 520 1012 Psalmista)
533 956 544 1008 3
566 931 669 993 instar
684 951 777 994 arma
791 931 906 994 domm
921 950 990 992 esse
1009 949 1080 1006 nos,
1096 935 1129 991 et
1142 947 1278 989 nervum
1291 931 1440 987 nostrum

340 1031 381 1096 de
394 1032 534 1096 incisura
552 1055 611 1096 sna
625 1034 689 1098 cito
702 1034 833 1097 resilire.
876 1034 985 1115 Atque
999 1032 1076 1095 hinc
1096 1025 1252 1107 mainadis
1272 1027 1354 1090 illud
1366 1048 1441 1089 nos-

340 1141 438 1213 trum,
461 1135 540 1198 dum
563 1136 610 1199 ita
630 1136 696 1200 iere
721 1136 856 1200 animati
880 1157 1000 1213 sumus,
1027 1134 1105 1197 dum
1129 1133 1177 1196 ita
1207 1133 1255 1215 (ut
1279 1131 1441 1212 eleganter

340 1238 566 1321 Augustinus)
589 1259 692 1302 aecum
716 1241 843 1321 quiaque
867 1239 1013 1319 loquitar,
1039 1237 1123 1309 Quid
1146 1236 1190 1298 ad
1213 1255 1261 1296 nae
1275 1233 1441 1314 pertinet?

342 1341 468 1422 quaeqae
483 1342 560 1422 qaid
571 1343 645 1405 aelit
659 1348 735 1424 caat
743 1368 755 1416 ;
776 1331 877 1404 niella
895 1361 980 1402 maa
1000 1341 1105 1402 enlm
1119 1340 1181 1401 erit
1196 1344 1227 1400 et
1241 1338 1291 1399 lac
1305 1342 1336 1398 et
1350 1337 1440 1407 lanc;

342 1443 431 1507 Satio
444 1451 491 1507 est
504 1445 591 1523 mini,
603 1452 655 1508 eat
668 1445 813 1508 Ecclesia
828 1465 889 1526 qna
896 1450 1032 1526 potesta
1078 1443 1151 1506 Hoc
1164 1436 1287 1504 malum
1301 1439 1361 1502 sub
1376 1439 1441 1500 sole

341 1551 392 1608 est
409 1545 543 1628 (Patres)
556 1571 563 1610 ε
588 1546 628 1610 ab
642 1547 704 1610 hoe
718 1567 793 1610 vero
806 1547 892 1611 malo
905 1554 955 1609 est
969 1545 1123 1629 quicquid
1136 1566 1272 1627 usquam
1291 1550 1339 1605 est
1352 1541 1440 1604 mali.

341 1647 474 1712 cladem
496 1649 648 1712 Ecclesiae
670 1649 717 1713 aie
737 1649 863 1713 orditur
883 1649 1041 1727 Christum,
1058 1647 1214 1712 Parabola
1229 1647 1441 1721 Zizanimam

344 1749 421 1812 Cam
436 1749 612 1814 dormirent
631 1753 793 1816 lomineef.
840 1751 915 1817 Scio
934 1751 1065 1835 quidem
1083 1749 1214 1814 accessit
1232 1747 1354 1811 invidia
1367 1747 1442 1810 Dae·

341 1851 464 1929 monis3
488 1851 545 1916 sed
559 1853 721 1917 substrata
733 1853 782 1917 illi
796 1874 900 1933 causa,
913 1855 1034 1917 widin
1046 1852 1198 1917 hominis.
1243 1852 1332 1914 Nam
1345 1855 1441 1926 certe,

342 1975 415 2037 quae
435 1955 567 2018 fuerunt
588 1978 732 2040 unquam
757 1958 870 2040 Grecis
895 1957 1116 2041 dispersiones,
1140 1963 1196 2020 aut
1217 1954 1287 2038 agri
1307 1954 1443 2018 naeniis

342 2057 471 2140 oppleti,
486 2058 537 2122 vel
550 2058 668 2123 luxatoe
687 2059 723 2122 in
737 2059 880 2125 Ecclesia
893 2061 1000 2124 trabes
1019 2067 1053 2123 et
1066 2066 1153 2123 tecta
1166 2056 1386 2142 perstillantia,
1402 2055 1442 2119 ab

342 2159 405 2224 hoc
433 2160 519 2225 malo
538 2162 670 2225 fuerunt
699 2163 817 2227 omnia.
860 2164 969 2228 Etiam
997 2185 1056 2226 nos
1086 2163 1219 2246 (Patres)
1245 2161 1323 2223 dum
1352 2159 1443 2223 semi·

344 2283 471 2326 somnes
499 2264 553 2328 hic
582 2265 727 2330 sedemus
756 2267 950 2350 (quanquam
975 2287 1098 2329 somnae
1122 2286 1189 2328 non
1213 2264 1285 2342 fuit,
1310 2263 1443 2326 vidimus

344 2364 431 2427 enim
440 2365 461 2446 ς)
489 2365 567 2430 dum
581 2367 726 2432 videmus
741 2389 827 2452 ergo,
839 2369 895 2433 sed
908 2376 1018 2432 tamen
1031 2368 1132 2451 tepidi
1147 2374 1179 2431 et
1193 2373 1337 2430 tacentes
1352 2365 1441 2428 sede·

343 2487 427 2546 mus,
440 2468 548 2531 nescio
563 2491 634 2552 quae
647 2476 796 2553 portenta
806 2472 982 2553 opinionum
995 2471 1199 2534 invaluenmt
1209 2468 1263 2531 hic
1278 2468 1362 2552 apud
1372 2487 1440 2544 nos,

343 2570 426 2632 nulli
454 2571 632 2654 priscorum
658 2573 768 2636 audita
789 2575 840 2638 vel
868 2575 944 2652 visa,
971 2581 1004 2637 et
1028 2570 1121 2656 vulgi
1143 2593 1235 2636 aures
1260 2571 1445 2654 animosque

345 2679 552 2754 occupammt,
569 2695 606 2736 ae
623 2674 693 2756 jam
709 2676 847 2754 zizania,
864 2676 995 2754 scilicet,
1011 2677 1139 2738 zizania
1157 2696 1224 2738 non
1239 2681 1325 2752 sunt,
1333 2671 1446 2755 finces

345 2779 430 2835 sunt.
477 2775 562 2837 Oura
576 2782 661 2838 cene
675 2776 777 2855 nobis,
789 2777 840 2840 vel
853 2777 881 2840 si
894 2798 961 2840 non
976 2798 1061 2855 cura,
1075 2798 1129 2840 cor
1143 2777 1263 2852 defuit3
1287 2783 1320 2839 et
1334 2775 1445 2839 eodem

344 2873 438 2952 redit,
447 2875 591 2938 venienti
603 2861 689 2940 ¹malo
703 2878 754 2940 vel
767 2899 834 2941 non
848 2879 1008 2941 attendere
1021 2900 1078 2962 per
1091 2878 1303 2956 oscitantiam,
1315 2878 1365 2941 vel
1379 2897 1446 2940 non

345 2981 455 3038 contra
478 2977 601 3040 tendere
622 2999 679 3060 per
692 2979 880 3044 vecordiam.
927 2981 969 3044 In
991 2982 1190 3044 attentionem
1211 2980 1300 3044 enim
1317 2980 1399 3063 (quae
1413 2986 1446 3042 et

349 3078 481 3141 Ocnlata
496 3087 529 3142 et
546 3081 685 3144 Comata
699 3083 769 3166 est)
786 3089 959 3167 utrumque
973 3084 1156 3148 committit.
1395 3140 1404 3154 ,

387 3179 482 3243 Vidit
506 3181 575 3245 haec
600 3183 730 3247 Paulus.
775 3185 872 3248 Parte
893 3207 968 3249 vero
993 3207 1032 3250 ex
1054 3187 1162 3265 altera,
1185 3186 1266 3250 vidit
1290 3207 1445 3268 magnum

344 3280 421 3345 huic
443 3282 528 3346 malo
549 3284 728 3348 remedium
749 3306 816 3350 esse
838 3286 874 3350 in
895 3287 956 3351 hac
976 3289 1097 3366 vocula,
1113 3288 1285 3350 Attendite.
1331 3287 1446 3350 Thales

345 3383 423 3446 olim
438 3385 587 3449 Milesius
601 3387 663 3450 hoc
677 3387 746 3470 ipso
760 3389 793 3451 in
817 3389 896 3468 loco,
913 3391 1084 3474 ascriptam
1104 3396 1175 3472 post
1189 3389 1301 3453 multis
1317 3396 1444 3453 senten·

345 3487 451 3566 tiam',
467 3488 589 3571 primus
612 3490 730 3554 dieitur
750 3491 875 3571 dixisse,
893 3493 968 3555 Non
986 3495 1053 3555 sine
1075 3494 1161 3555 oculo
1183 3493 1310 3555 Domini
1327 3491 1444 3575 (idest,

347 3591 528 3674 attentione)
546 3611 662 3672 eqanm,
679 3593 753 3656 Non
764 3594 831 3656 sine
845 3596 972 3676 vestigio
987 3595 1114 3656 Domini
1134 3594 1178 3676 (id
1193 3601 1250 3672 est,
1264 3593 1443 3674 attentione)

346 3709 456 3774 aymam
464 3695 686 3775 pinguescere:
710 3695 744 3756 id
764 3703 821 3773 est,
838 3697 943 3759 Omne
958 3695 993 3757 in
1008 3696 1177 3757 attentione
1196 3701 1353 3776 punctum
1368 3715 1443 3756 esse.

346 3793 532 3878 Eodemque
546 3795 581 3857 in
602 3797 672 3857 loco
694 3796 755 3858 hoc
770 3796 899 3874 Paulus,
916 3795 997 3881 (jam
1012 3796 1171 3877 Milesius)
1189 3796 1270 3873 Neo,
1287 3796 1355 3858 sine
1369 3817 1446 3858 voce

345 3894 415 3975 hac,
428 3897 580 3960 Ecclesiae
594 3897 676 3960 bene
692 3918 778 3973 esse3
803 3898 858 3960 sed
873 3905 905 3960 et
920 3898 1008 3985 ¹illam
1023 3899 1192 3961 attentione
1206 3905 1320 3975 vestra,
1332 3899 1446 3962 vestris

378 4019 389 4041 ¹¹
405 4010 462 4060 Jon.
473 4013 505 4061 iv.
516 4015 538 4072 5,
547 4016 569 4062 6.
916 4015 978 4064 satis
996 4019 1034 4064 est
1053 4015 1133 4076 mihi;
1156 4019 1197 4064 eat
1213 4017 1318 4078 quisque
1337 4032 1386 4079 qua
1404 4031 1446 4079 po·

377 4081 389 4105 ⁰
405 4075 493 4124 Enoch,
502 4077 557 4127 xiii.
568 4080 605 4126 18.
916 4079 1045 4128 test''-S.
1069 4080 1135 4141 Aug.
1158 4080 1237 4129 Serm.
1265 4082 1325 4130 xlvi.
1350 4081 1391 4143 (al.
1414 4081 1445 4129 de

377 4138 496 4188 *Psalm
506 4141 605 4189 lxxviii.
616 4141 653 4192 57.
917 4146 994 4205 temp.
1017 4144 1091 4206 clxv.)
1112 4149 1124 4207 t
1146 4143 1169 4195 7.
1192 4145 1248 4208 Op,
1271 4149 1333 4195 tom.
1355 4160 1379 4194 v.
1398 4145 1444 4194 col.

378 4210 390 4242 ‘¹
408 4202 470 4264 [⁴‘si
488 4203 535 4252 hoc
551 4205 648 4254 fecisset
671 4206 792 4269 (Paulus),
810 4209 874 4255 esset
918 4208 972 4255 329.
987 4207 1027 4271 A.]

345 4265 413 4314 inter
428 4267 493 4327 illos,
505 4268 549 4329 qui
566 4283 591 4317 se
608 4270 676 4330 ipsos
692 4274 805 4332 pascunt,
820 4285 872 4319 non
947 4280 957 4304 ¹
973 4271 1048 4321 Matt.
1057 4272 1113 4320 xiii.
1127 4274 1165 4322 25.

344 4343 414 4387 ovea;
432 4330 527 4380 diceret
537 4332 605 4393 apud
621 4348 646 4382 se
657 4333 749 4396 ipsum,
761 4333 828 4391 Quid
839 4333 871 4383 ad
947 4343 955 4366 ¹
974 4335 1052 4399 [Vide
1075 4336 1190 4399 Xenoph.
1220 4337 1306 4386 (licon.
1328 4337 1372 4385 aii.
1385 4339 1445 4396 20.;

344 4406 385 4468 me
396 4395 522 4456 pertinett
537 4396 646 4457 Quisque
654 4398 790 4458 quodvelit
799 4401 870 4460 agam
914 4398 993 4448 Arist.
1015 4400 1100 4450 (llcon.
1112 4402 1129 4450 i.
1149 4405 1187 4462 6.;
1204 4400 1330 4449 Plutarch.
1343 4401 1375 4449 de
1388 4400 1443 4449 Lib.

343 4461 425 4506 metus
435 4473 506 4508 meus
517 4460 600 4509 salvus
610 4464 656 4520 eat,
673 4465 698 4510 et
706 4463 753 4522 lac,
762 4466 788 4511 et
798 4462 869 4521 lana;
914 4461 992 4512 llduc.
1012 4464 1069 4527 Op,
1080 4470 1141 4514 tom.
1151 4465 1177 4514 ii.
1191 4481 1216 4526 p.
1224 4469 1246 4514 9.
1256 4464 1301 4527 D.]
