2970 4914
455 338 458 347 .
488 271 549 318 rao
572 271 681 320 canna
702 271 880 320 maroam·
1184 263 1226 326 27

124 427 257 492 meliore
280 427 351 491 loco
374 428 476 512 Doeg,
494 450 591 511 quam
609 429 811 494 Ahimelech.
858 429 977 494 Videte
999 431 1227 497 Jeroboha'mi:

123 533 174 617 De
193 531 369 594 amieriam
384 530 518 614 quisque
542 532 597 614 qui
622 532 734 611 voluit,
758 539 957 596 cousecratur
980 533 1061 598 estk.
1107 535 1227 599 Ratio.-

123 635 295 697 Novissimi
310 634 397 697 enim
420 641 468 698 sat
491 635 559 718 apti
575 636 748 699 mvissiraa
766 637 949 701 eruditiori.
995 639 1039 702 Et
1060 638 1146 722 apud
1169 661 1229 706 nos

130 740 263 823 (Patres
289 746 323 802 et
345 740 487 822 Fratres)
502 740 544 803 ,si
570 763 700 824 operam
726 749 795 805 tam
817 745 874 806 uili
902 744 1042 809 locatam
1070 748 1228 825 volumus,

126 865 224 926 quam
240 842 380 926 quidam,
396 842 456 906 ubi
467 843 609 908 frontem
622 845 879 928 'perfrieuerunt
897 852 965 912 non
980 849 1131 913 dubitant
1146 851 1229 913 affir-

125 971 215 1013 mare
224 975 233 1026 3
258 949 361 1032 quivis
378 949 433 1032 qui
448 951 581 1013 talarem
597 957 701 1034 tapam
716 973 836 1035 gerere,
854 960 887 1017 et
906 956 1034 1036 parrire
1053 956 1173 1039 poterit
1189 955 1230 1019 ad

126 1053 338 1137 clepsydram,
354 1048 485 1134 ἄκοσμά
504 1077 539 1117 τε
557 1051 672 1116 πολλά
685 1079 720 1118 τε
728 1053 746 1134 ¹,
763 1055 958 1120 cohaerentia
978 1078 1046 1121 non
1070 1059 1230 1122 cohaeren-

126 1157 174 1220 tia
182 1157 398 1238 precipitare,
414 1156 443 1219 is
459 1156 520 1219 erit
535 1156 630 1221 nobis
645 1165 740 1242 aptus
756 1160 927 1240 Propheta.

171 1261 281 1325 Verbo
297 1261 459 1325 absolvam
474 1261 560 1344 quod
581 1268 735 1345 superest.
781 1264 900 1327 Videte
918 1263 999 1328 mihi
1014 1263 1122 1328 Deum
1145 1266 1230 1348 apud

128 1365 315 1429 Zachariam
344 1365 423 1448 (capi
449 1365 492 1428 xi.
524 1386 588 1428 ver.
616 1365 946 1447 12.),abideserere
972 1368 1041 1432 vult
1067 1369 1229 1448 Israelem,

127 1470 189 1534 hoc
202 1471 272 1553 ipso
287 1470 499 1548 deserentem,
517 1470 603 1552 quod
624 1470 731 1553 Ipsius
747 1492 877 1554 operam
895 1472 992 1535 nimis
1012 1472 1131 1556 frigida
1150 1495 1230 1537 mer·

128 1574 200 1637 cede
213 1572 426 1658 pensaverint.
473 1574 565 1637 Heus
585 1575 712 1658 (inquit)
741 1575 768 1638 si
789 1575 911 1640 bonum
930 1575 1056 1640 videtur
1075 1577 1112 1640 in
1132 1576 1231 1641 oculis

127 1679 249 1757 vestris,
262 1677 432 1762 appendite
443 1678 525 1742 mihi
539 1679 739 1743 mercedem:
764 1679 814 1743 sin
828 1681 946 1759 minus,
963 1680 1114 1745 desistite.
1148 1682 1231 1746 Cum

26 1767 32 1776 ’
127 1781 176 1844 illi
201 1803 350 1845 nummos
381 1781 502 1866 aliquot
534 1783 677 1865 (tripiata
707 1783 795 1866 puta)
830 1782 1067 1865 appendissent,
1097 1783 1145 1848 ibi
1170 1785 1231 1848 Ille

128 1885 413 1968 indignabundus:
449 1886 623 1969 Egregium
651 1907 726 1950 vero
748 1886 924 1950 'mecedem
953 1894 986 1950 et
1023 1888 1232 1972 magnificum

122 1991 271 2071 pretium,
297 2011 360 2072 quo
386 1990 561 2053 aestimatus
585 2011 657 2053 sum
681 2012 700 2053 a
722 1989 834 2053 vobisl
861 1990 1065 2075 diffregitque
1090 1992 1231 2055 bacalum

129 2094 309 2156 Pastaralis
323 2093 475 2171 muneris,
489 2113 525 2156 ac
538 2092 667 2156 irritum
681 2093 758 2156 fecit
773 2094 924 2177 quiequid
935 2095 965 2157 ei
979 2096 1097 2179 populo
1108 2094 1231 2159 bonum

130 2197 351 2260 destinaverat.
397 2195 474 2260 Non
499 2196 617 2260 frustra
645 2197 784 2279 positum
810 2198 992 2281 exemplum
1021 2198 1092 2262 hoc.
1138 2199 1232 2263 Idem

131 2299 272 2383 quotidie
287 2300 464 2365 usuvenire
478 2300 560 2363 mihi
575 2300 704 2379 credite,
714 2301 750 2364 in
761 2302 988 2384 praestantibus
1003 2309 1036 2365 et
1046 2304 1116 2366 Deo
1129 2303 1232 2385 plenis
1294 2304 1298 2312 '

129 2403 287 2486 ingeniis;
316 2404 458 2486 (excepto
473 2403 500 2466 si
514 2402 619 2466 Eldad
633 2403 731 2467 firerit
746 2410 801 2467 aut
813 2402 934 2468 Medad
948 2426 1031 2468 unus
1046 2412 1102 2468 aut
1116 2406 1197 2468 alter
1208 2405 1227 2488 ι)

130 2507 307 2590 prospicere
326 2506 390 2569 huc
408 2505 542 2570 subinde
565 2513 598 2568 et
620 2527 687 2569 sese
706 2506 803 2569 tacite
820 2507 1016 2588 percontari:
1041 2508 1129 2571 Hem
1148 2509 1233 2570 Oaus
1335 2494 1339 2501 ⁴

131 2612 238 2692 iapeas
251 2617 368 2672 natura
383 2631 449 2688 sua,
462 2609 517 2673 sed
529 2608 728 2691 quorundam
738 2607 927 2671 Plrarisaica
938 2609 1121 2692 alligatione
1138 2609 1233 2693 (quod

131 2721 241 2778 tamen
255 2714 316 2797 ipsi
330 2736 398 2778 non
412 2714 588 2796 attingimt)
605 2711 760 2794 iafiaitum
770 2713 860 2797 jam3
882 2713 970 2776 locus
985 2713 1131 2792 lubricus,
1148 2713 1233 2777 tedii

133 2823 165 2879 et
191 2818 402 2878 molestiarum
427 2817 559 2899 plenus:
584 2816 711 2898 Ecquid
739 2817 808 2879 erit.
821 2816 978 2898 pietatm?
1022 2816 1091 2880 Ubi
1116 2817 1233 2900 frigere
1301 2846 1303 2851 ·

132 2920 242 2983 vident
256 2920 318 2982 hac
332 2941 371 2982 ex
385 2927 476 3003 parte
490 2919 647 2999 homines,
669 2919 807 2983 nimium
827 2921 883 2983 rili
903 2920 1073 2984 locandam
1093 2941 1232 3003 operam,

132 3023 297 3086 infinitum
313 3024 447 3086 laborem
461 3024 590 3106 requiri,
607 3025 739 3106 triqiuta
754 3043 893 3086 nummos
908 3023 1062 3107 appendi,
1087 3023 1142 3106 qui
1158 3024 1234 3087 alio-

133 3127 188 3208 qui
209 3127 245 3188 in
267 3126 336 3189 haec
355 3125 461 3189 studia
477 3126 723 3209 propenderent,
741 3127 865 3189 baculos
888 3149 960 3190 suos
983 3127 1177 3210 diffringere,
1194 3126 1235 3189 ad

133 3229 195 3292 alia
206 3250 238 3292 se
254 3228 359 3292 studia
372 3236 505 3309 vertere,
521 3229 649 3292 irritum
663 3229 768 3293 facere
787 3230 985 3312 propositum
1002 3251 1104 3310 suum,
1122 3230 1234 3294 studiis

134 3354 166 3395 se
181 3333 277 3411 hisee,
294 3340 390 3416 atque
404 3333 480 3397 huic
494 3341 562 3395 tam
578 3333 677 3396 Sacro
691 3333 818 3396 muneri
834 3332 1051 3397 consecrandi.

178 3437 273 3502 Quod
302 3458 344 3500 ne
369 3438 436 3514 fiat,
466 3438 592 3520 (Patres
615 3443 648 3498 et
673 3435 812 3519 Fratres)
843 3457 885 3499 ne
907 3435 999 3520 plura
1023 3435 1126 3498 indies
1155 3437 1236 3498 fiant

133 3542 314 3624 fragmenta
326 3540 512 3616 baculorum,
525 3546 650 3602 mature
665 3539 819 3602 accurrite
829 3540 905 3602 huic
915 3541 1044 3603 morbo:
1061 3540 1236 3602 Ecclesiam
1263 3539 1266 3547 '

135 3646 174 3709 ab
199 3644 381 3729 illaleauda
404 3645 643 3727 Prophetarum,
674 3662 744 3724 quae
774 3649 823 3704 est
846 3643 877 3705 ei
897 3643 1017 3726 alioqui
1040 3642 1234 3720 obventura3

135 3749 366 3829 Rempubiiaam
381 3769 400 3811 a
414 3748 533 3828 laqueis
546 3745 752 3809 vexationum
760 3768 770 3821 ;
794 3745 861 3809 Vos
881 3743 965 3826 ipsos
980 3767 999 3807 a
1014 3745 1168 3827 sanguine
1188 3753 1238 3809 tot

136 3851 315 3914 animarum
338 3851 510 3932 Sacriiepio
533 3847 675 3932 quotidie
698 3847 902 3930 pereuntium
925 3846 1077 3927 liberate3
1101 3849 1239 3912 'Peritum

15 4010 18 4015 .
136 3954 232 4032 hunc,
250 3953 327 4017 alios
342 3953 417 4017 huic
433 3952 552 4016 similes
567 3972 650 4034 saepe
664 3957 787 4033 urgete.

181 4056 324 4119 Omnino
348 4055 428 4119 mihi
457 4076 514 4138 pro
541 4074 691 4119 concesso
714 4060 762 4116 est
786 4052 992 4135 confessoque
1019 4051 1059 4116 ab
1079 4054 1238 4132 omnibus,

138 4160 304 4242 Optimam
324 4160 393 4223 fore
414 4181 484 4223 rem
508 4158 814 4242 optatissimamque,
832 4157 1145 4236 Clerumeruditum‚
1162 4157 1239 4219 dum

138 4269 263 4348 constet
285 4262 378 4340 ratio,
396 4283 459 4344 qua
477 4261 512 4326 id
535 4261 636 4345 possit
659 4259 751 4324 effici.
798 4260 894 4325 Quod
915 4266 952 4323 ut
971 4259 1121 4324 effectum
1136 4259 1239 4336 detur,

214 4493 289 4542 ffim

172 4428 276 4557 illm·
290 4428 315 4542 dp
328 4428 389 4492 Reg.
402 4429 458 4478 xiii.
471 4430 524 4493 33.]
746 4436 762 4458 ¹¹¹
775 4428 883 4493 [Ennius
911 4429 978 4494 apud
1007 4429 1057 4480 (lic.
1086 4428 1117 4478 dc
1143 4426 1241 4478 Seneca

313 4493 328 4542 l.
341 4493 368 4543 ii.
380 4493 451 4556 alu]
714 4507 766 4554 cap.
780 4491 816 4554 1.]
