2970 4914
577 271 670 318 rursu
691 271 846 319 nonium.
1197 248 1262 323 205

166 428 233 505 nui,
261 427 301 491 de
323 449 391 491 non
412 427 645 492 transferendis
669 427 710 490 ad
733 448 784 492 res
804 449 1010 511 personarum
1041 428 1137 508 vitiis,
1164 430 1267 513 deque

165 530 350 595 dedocendo
363 530 454 594 vobis
468 531 530 594 hoc
545 529 689 595 Ecclesia
702 536 816 593 vestra.

208 635 258 696 Ao
269 633 308 697 de
323 634 435 716 priscis
448 634 522 714 illis,
535 656 614 718 quos
625 632 742 696 merito
752 631 832 696 dicis
843 632 993 695 Ecclesiae
1008 633 1135 712 lumina,
1147 633 1267 717 quique

165 736 227 819 ipsi
252 743 344 800 erant
361 737 520 820 Episcopi,
546 736 607 800 etsi
630 736 702 819 plus
726 734 815 813 dicis,
833 756 900 799 non
922 741 1034 799 tamen
1056 737 1143 800 satis.
1188 738 1267 800 Non

165 839 253 902 enim
268 840 345 902 satis
367 839 438 917 hoc,
464 841 544 902 nolte
569 845 599 901 te
610 837 702 920 seme
721 838 906 900 sententiam
929 839 1078 901 adrasus
1096 859 1167 912 eos3
1189 839 1266 902 citio

165 947 287 1004 creatos
310 962 371 1004 non
387 941 510 1022 fuisse3
538 961 647 1004 munus
672 941 817 1003 illicitum
840 961 902 1003 non
925 961 1112 1022 usurpasse:
1135 941 1267 1005 termini

160 1042 383 1107 'diminuentes
399 1046 475 1108 sun't
489 1044 534 1123 hi,
550 1045 632 1107 nolle
652 1044 838 1106 sententiam
847 1040 948 1122 serre,
966 1044 1043 1106 uitio
1057 1063 1119 1106 non
1134 1049 1266 1122 creatos,

164 1166 226 1209 non
249 1152 451 1228 inumatores
472 1147 579 1211 illiciti
600 1147 756 1209 muneris:
780 1145 832 1208 dic
854 1145 949 1223 clare,
965 1146 1016 1210 dic
1032 1145 1118 1230 quod
1132 1167 1183 1210 res
1205 1154 1266 1226 est,
1338 1147 1340 1151 ’

164 1248 309 1330 legitime
340 1255 472 1330 creatos,
500 1249 539 1332 (si
570 1249 626 1332 qui
658 1269 802 1331 unquam
830 1248 1016 1312 mortalium
1045 1247 1200 1331 legitime)
1233 1250 1282 1311 et'
1316 1264 1322 1297 ¹

163 1349 288 1415 licitum
305 1352 454 1436 inprimis
476 1374 595 1416 munus
614 1351 855 1416 administrasse
864 1377 873 1429 3
898 1351 939 1414 ad
956 1373 1067 1415 eorum
1083 1352 1265 1434 exemplum

164 1454 318 1518 creandos
332 1455 429 1518 hodic
444 1463 571 1519 nostros
579 1481 588 1532 3
612 1476 732 1518 munus
752 1454 839 1519 idem
861 1455 979 1518 nostris
994 1454 1144 1518 omnibus
1159 1475 1265 1538 capes·

164 1557 317 1622 sendum:
337 1558 407 1621 haec
422 1559 566 1622 ordinem
583 1564 672 1622 recta
685 1564 811 1641 petunt,
829 1557 870 1620 ad
884 1557 1048 1620 hominem
1064 1579 1131 1621 non
1146 1564 1232 1621 sunt.

209 1660 274 1722 Sed
289 1660 439 1743 quicquid
451 1661 490 1723 de
504 1661 556 1723 his
571 1661 623 1738 sit,
640 1658 875 1724 conclusionem
891 1665 983 1722 tuam
993 1659 1041 1722 ibi
1054 1680 1122 1723 non
1135 1681 1266 1743 possum

162 1783 230 1826 non
259 1763 408 1840 laudare3
437 1785 497 1827 nec
523 1763 712 1828 asteriscum
741 1762 772 1825 ei
801 1761 945 1825 dubitem
977 1782 1144 1845 apponere,
1170 1769 1266 1845 atque

163 1864 290 1927 utinam
310 1886 348 1928 ea
371 1872 476 1928 totam
501 1865 595 1928 nobis
617 1865 702 1927 hanc
723 1864 817 1927 litem
840 1864 1022 1928 concludat.
1071 1864 1124 1927 Sic
1148 1865 1264 1928 habet:

163 1969 243 2031 Ptus
263 1990 382 2051 semper
396 1970 483 2050 apud
494 1991 541 2032 me
550 1970 671 2050 poterit
684 1969 861 2031 ueneranda
883 1969 941 2030 itta
949 1969 1125 2049 primorum
1139 1970 1265 2032 saculo-

162 2092 232 2134 rum
254 2073 448 2154 Antiquitas,
474 2093 566 2155 quam
588 2074 708 2135 noaetta
734 2073 915 2154 cujusquam
935 2073 1101 2135 institutio.
1138 2072 1266 2135 Vellem

162 2196 236 2238 vero
259 2176 344 2258 apud
360 2182 404 2253 te,
421 2175 506 2259 apud
520 2197 643 2254 omnes,
660 2177 736 2255 pius
750 2181 860 2255 posset
878 2175 944 2252 illa,
959 2174 1137 2256 plurimum
1157 2180 1265 2256 posset

161 2277 219 2340 illa
232 2278 426 2359 Antiquitas.
471 2278 657 2358 Antiquitas
677 2276 766 2340 enim
788 2277 816 2340 si
836 2277 1007 2354 obtineret,
1028 2279 1154 2339 novettae
1173 2277 1265 2338 insti-

135 2411 140 2415 ·
163 2381 297 2442 tationes
318 2379 344 2442 si
363 2380 555 2459 exsularent,
572 2401 667 2442 causa
681 2385 767 2442 certe
782 2384 854 2442 tum
870 2378 1003 2442 Ordinis
1018 2379 1115 2463 hujus
1130 2379 1264 2442 minime

161 2481 334 2545 laboraret.

884 2637 897 2667 Ο

208 2689 374 2752 Secundus
393 2688 456 2752 fuit
472 2687 571 2771 Regis
594 2687 717 2765 obelus,
739 2708 776 2750 ac
798 2687 974 2770 plurimum
996 2687 1111 2750 merito
1133 2685 1206 2764 fuit,
1222 2686 1262 2750 ad

161 2791 269 2855 locum
283 2792 341 2857 ubi
354 2813 449 2855 unum
466 2793 652 2873 eundemque
674 2790 842 2854 contendis
856 2789 1009 2873 Episcopi
1024 2797 1056 2853 et
1076 2789 1262 2874 Presbyteri

161 2896 320 2958 ordinem:
344 2897 472 2958 eundem
490 2917 558 2958 non
578 2915 657 2973 esse,
673 2893 809 2970 ostendi.
855 2894 948 2971 Tum,
966 2892 1052 2976 quod
1066 2913 1134 2956 non
1148 2891 1262 2956 eadem

160 2997 280 3062 munia.
304 2997 478 3082 Presbyter
492 2997 579 3060 enim
592 3018 660 3060 non
675 2995 813 3074 ordinat,
823 3016 865 3058 ne
878 2995 1080 3079 Hieronymo
1096 2994 1225 3077 quidem
1234 2991 1260 3058 ¹¹.
1377 3066 1380 3071 ⁴

162 3099 258 3178 Tum,
280 3100 366 3183 quod
387 3122 454 3164 non
475 3099 588 3164 eadem
601 3121 759 3162 manuum
780 3099 952 3181 impositi0,
976 3097 1032 3162 sed
1053 3098 1089 3160 in
1103 3097 1261 3180 Episcopo

160 3224 251 3266 nova.
296 3204 390 3281 Tum,
406 3202 493 3285 quod
508 3223 547 3266 ex
562 3202 712 3266 Patribus
724 3201 869 3265 Isidorus
881 3201 999 3265 diserte
1009 3200 1096 3280 dicit,
1113 3201 1261 3263 Ordinem

159 3303 411 3385 cpiscoporum.
442 3305 525 3367 Tum
538 3303 684 3386 denique,
698 3302 784 3386 quod
792 3303 937 3367 distincti
951 3325 971 3366 a
985 3303 1115 3367 Christo
1130 3303 1260 3366 ordines

159 3407 214 3470 isti
230 3407 304 3485 duo,
319 3407 356 3468 in
370 3405 544 3488 Apostolis,
560 3412 593 3468 et
610 3396 823 3488 Septuaginta
837 3404 974 3469 duobus.

204 3509 269 3572 Hic
283 3515 322 3570 tu
336 3507 469 3570 adducis
484 3507 577 3570 uobis
591 3505 791 3570 Pontificalis
805 3505 950 3583 titulum,
966 3504 1006 3567 de
1020 3504 1259 3568 consecratione

164 3613 364 3694 (nouantem
381 3609 605 3691 ordinatione).
638 3605 785 3684 Ostendi,
802 3607 896 3670 aliter
910 3605 1084 3688 Episcopus
1099 3605 1257 3689 antiquos,

159 3715 209 3778 vel
239 3713 339 3796 ipsius
370 3713 492 3789 Romae,
524 3710 617 3774 aliter
644 3730 785 3793 nuperos
813 3709 883 3792 ejus
915 3707 1088 3772 Pontifices
1124 3707 1257 3772 locutos.

160 3808 257 3899 llpud
272 3815 432 3898 antiquos,
448 3813 659 3878 ordinationis
673 3833 783 3876 vocem
798 3811 1022 3876 creberrimam
1038 3830 1116 3887 esse,
1128 3817 1161 3873 et
1177 3810 1257 3873 cele-

159 3918 342 3983 berrimam.
733 3902 748 3927 ⁴

202 4020 256 4084 Ad
273 4019 423 4082 Scholam
438 4039 599 4101 provocas.
644 4016 771 4094 Manui,
789 4038 852 4099 quo
867 4036 964 4078 sensu
981 4013 1097 4077 Schola
1119 4014 1258 4078 eundem

160 4122 257 4198 dicat,
272 4120 322 4183 vel
336 4141 404 4182 non
418 4120 566 4183 eundem.
612 4119 761 4182 Eundem
769 4144 779 4196 3
803 4119 908 4202 quoad
923 4120 1046 4200 Corpus
1067 4117 1198 4196 Christi,
1216 4118 1258 4181 ad

194 4322 206 4355 ¹¹
229 4321 332 4388 [⁴‘Quid
348 4317 417 4370 enim
434 4320 495 4370 facit
511 4325 616 4384 excepta
627 4321 692 4370 ordi·
733 4322 832 4384 lxxxv.)
843 4320 875 4370 ad
887 4320 1007 4383 Evangel.
1019 4323 1077 4370 sect.
1087 4323 1108 4369 1.
1127 4319 1183 4383 Op,
1194 4323 1255 4369 tom.

162 4389 264 4437 natione
272 4386 418 4448 Episcopus,
442 4385 492 4434 uod
499 4385 691 4447 Presbyteruon
734 4387 750 4437 i.
769 4384 948 4448 col.1076.c.]

137 4450 141 4460 “
162 4449 331 4502 faeiatl''-S.
341 4449 412 4500 Hier.
425 4399 471 4512 lp.
483 4449 558 4498 cxlvi.
568 4449 636 4499 Vall.
649 4449 689 4512 (al.
766 4449 773 4481 ¹
791 4449 871 4512 [Vide
881 4464 963 4514 supra,
975 4463 999 4512 p.
1012 4450 1067 4509 182,
1079 4452 1130 4498 not
1143 4447 1170 4511 ⁸]
1328 4472 1455 4634 e
