2970 4914
433 260 943 321 ‘rnnomorcxnrrmnmrr10.
1022 265 1028 273 ·
1195 246 1265 320 146

161 426 298 490 Invitam
318 433 428 492 autem
443 449 521 507 esse,
537 427 593 511 qui
607 420 730 511 latebra
751 429 908 490 voluntale
927 449 994 491 non
1012 417 1189 492 consentit:
1212 429 1263 492 uti
1326 424 1329 429 ’
1428 426 1431 437 ’

162 525 220 592 ca¹
252 531 399 614 perhibet
426 532 530 615 gravis
555 533 679 596 Auctor
698 531 855 614 imprimis
878 538 911 594 et
932 531 1081 594 cordatus
1104 532 1390 604 Horma-ureae·

162 655 224 696 nus
237 635 517 699 Commentatione
540 657 598 698 sua
618 635 655 697 in
670 633 815 698 'litulum
830 633 869 696 de
884 634 988 696 usuris
997 632 1021 712 k,
1038 634 1094 718 qui
1113 643 1149 698 et
1163 635 1263 718 Lepos
1275 604 1330 656 MS.
1342 603 1431 669 Hm}

163 736 242 799 citat
259 744 292 800 et
303 739 539 820 Porcproplos.
573 737 629 821 [2.]
649 737 685 800 Si
698 737 779 800 illud
794 737 884 800 civile
895 743 953 816 est,
970 737 1088 800 Sacros
1100 739 1181 821 lepos
1196 759 1263 802 non

163 840 339 924 dedignari,
356 842 472 905 Sacros
496 843 634 904 Canaces
655 841 776 904 imitari
799 839 835 903 in
855 841 1058 911 Matrimonia
1081 849 1114 904 et
1135 841 1261 921 carm,

165 942 262 1027 (quod
283 943 320 1006 in
339 943 545 1008 Authenticis
568 943 737 1025 habeturr)
774 942 831 1028 [a]
858 944 895 1006 Si
921 943 1091 1007 Concilium
1109 944 1263 1008 Nicetium

161 1047 319 1129 recipere:
346 1047 402 1131 [4.]
430 1047 466 1110 Si
485 1047 622 1130 denique
642 1045 823 1127 inferiorem
844 1068 905 1109 aon
926 1047 1033 1109 tollere
1053 1047 1148 1129 lepori
1165 1049 1261 1128 Supe-

161 1149 267 1227 rioris,
282 1171 320 1213 ac
340 1149 434 1232 proin
453 1171 513 1214 nec
534 1151 692 1215 Caesarem
708 1151 728 1212 J
731 1150 848 1228 ehovae,
873 1157 981 1212 actum
999 1156 1048 1212 est
1068 1149 1166 1212 etiam
1183 1151 1268 1213 lare
1361 1193 1363 1200 ·

162 1272 249 1330 acco,
270 1251 392 1334 dejure
399 1252 543 1334 soeaoris,
559 1251 623 1315 nisi
638 1253 742 1315 cordis
755 1252 858 1315 nostri
875 1252 1007 1318 durities
1024 1250 1212 1331 intercedat,
1229 1260 1269 1315 et·¹

162 1363 279 1439 praeter
300 1352 481 1439 contraque
488 1358 555 1439 jos,
576 1357 735 1419 codicillos
750 1357 967 1438 parcissimis
988 1355 1149 1438 impetret.
1182 1357 1261 1420 Sed

162 1459 254 1522 litem
275 1459 360 1523 hanc
381 1467 485 1523 totam
512 1461 699 1524 Hotomano
725 1458 995 1538 commendemus,
1023 1450 1263 1541 eumquec'um

163 1562 317 1626 Molinaeo
328 1562 577 1640 committamus,
586 1562 713 1625 verboso
725 1561 855 1645 quidem
869 1562 918 1644 (ut
932 1561 999 1644 ipse
1011 1575 1086 1625 eum
1097 1562 1260 1645 appellat),

162 1665 265 1748 magis
280 1686 379 1748 quam
393 1669 607 1747 aryamealoro
623 1664 878 1727 conventionum
892 1662 1026 1726 istarum
1041 1658 1216 1728 defensore.

206 1835 323 1918 Neque
342 1855 417 1899 vero
437 1835 535 1898 ctiam
550 1834 610 1897 Jus
629 1812 768 1899 instrum
787 1835 981 1916 Municipale
1005 1833 1176 1912 dimittam,
1200 1833 1262 1896 nisi
1276 1835 1396 1902 [Munici-

164 1946 197 2013 et
225 1938 307 2001 illud
336 1959 463 2021 quoque
492 1945 605 2003 contra
626 1936 733 2019 foeaas
760 1937 984 2002 testimonium
1013 1959 1109 2001 suum
1135 1937 1261 2003 dixerit.
1274 1901 1349 1966 pale]

164 2042 292 2126 Triplex
315 2050 422 2106 autem
437 2042 545 2121 idest,
572 2043 628 2125 (1.)
648 2041 715 2105 Sub
731 2041 929 2121 Britonibus,
945 2049 1016 2105 tum
1035 2063 1109 2106 cum
1131 2042 1269 2125 antiqua,

164 2147 229 2228 lepe
244 2146 403 2210 sancitum
419 2153 467 2210 est
482 2145 567 2230 apud
580 2145 720 2225 Gildam,
736 2151 769 2209 et
786 2145 915 2229 quidem
933 2146 982 2228 (ut
997 2146 1100 2228 aiunt)
1118 2145 1264 2209 Mulmu·

163 2249 261 2328 tiana,
276 2270 319 2312 ne
332 2248 438 2314 fraudi
452 2249 601 2332 cuiquam
616 2248 698 2337 foret
705 2247 928 2330 soeaeralorem
935 2246 1062 2330 fallere.
1113 2249 1167 2331 (2.)
1196 2249 1263 2312 Sub

167 2352 354 2438 Saxonibus,
379 2373 419 2415 ex
444 2351 515 2435 lege
541 2351 681 2415 Edvardi
705 2351 901 2416 confessoris
924 2351 1050 2428 xxxvii,
1078 2351 1138 2415 Uti
1157 2350 1265 2432 foeaas

164 2476 260 2520 omne
281 2454 384 2519 abiret
403 2454 438 2517 in
460 2456 569 2521 liccem
588 2454 792 2536 matricae.
842 2455 897 2538 (3.)
924 2454 992 2518 Sub
1007 2454 1181 2532 Neustriis,
1197 2455 1263 2518 Ed-

164 2555 254 2620 vardi
269 2557 297 2620 Ι.
314 2578 400 2621 anno
414 2557 456 2623 iv.
502 2557 589 2646 Lege
604 2565 728 2643 sacrata
743 2563 855 2621 contra
871 2557 892 2620 J
893 2556 1009 2635 udaeos,
1026 2555 1081 2638 qui
1095 2556 1179 2639 pulsi
1192 2563 1265 2619 tum

165 2667 243 2722 sunt
264 2659 376 2723 Insula
399 2665 477 2738 tota,
494 2679 531 2723 ac
552 2659 723 2725 Caursinos
747 2659 856 2738 etiam,
873 2659 1059 2723 Pontificios
1083 2659 1264 2742 trapezitae,

165 2763 286 2829 ludaeis
299 2763 375 2847 ipsis
390 2762 588 2853 deteriores.⁰
618 2762 703 2826 Exin
716 2763 869 2827 Gaaoaico
881 2765 955 2848 jure
966 2770 1127 2827 transacta
1140 2783 1191 2826 res
1206 2771 1265 2843 est,

164 2888 266 2952 usque
288 2867 329 2930 ad
344 2867 469 2960 Ancum
489 2867 525 2930 V.
549 2867 711 2948 Principis
730 2867 856 2950 Optimi,
873 2888 910 2930 ac
933 2866 1003 2930 sine
1025 2865 1160 2930 crimine
1175 2886 1267 2935 mon-

166 2972 234 3050 stri,
249 2971 285 3034 in
300 2971 387 3034 omni
401 2969 496 3034 nobis
510 2970 577 3049 vita
594 2969 742 3050 deflendi,
758 2970 898 3036 Eduardi
913 2971 993 3034 vla
1038 2969 1107 3033 Sub
1123 2991 1186 3053 quo
1194 2971 1267 3052 pri„

165 3075 260 3138 miliae
283 3073 336 3136 hic
355 3081 431 3143 ‚tum
455 3073 736 3153 Reformationis²,
759 3073 846 3138 inter
861 3074 923 3137 alia
937 3074 1050 3153 multa,
1065 3073 1127 3138 hoc
1142 3094 1267 3158 quoque
1280 3082 1404 3160 ’Plinn-

166 3185 198 3242 et
213 3177 370 3260 imprimis
384 3178 446 3241 hoc
457 3184 690 3260 strutayemcte,
700 3178 843 3262 insignes
857 3180 1060 3258 exstiterunt,
1074 3178 1158 3262 quod
1169 3178 1269 3259 Lepet
1280 3147 1437 3277 ffiffs*

158 3279 324 3360 foertclres,
335 3280 394 3344 sub
406 3281 533 3361 Popula
544 3282 631 3360 fixas,
641 3283 825 3362 refixerunt,
836 3296 869 3346 et
879 3303 992 3346 usuras
1004 3282 1136 3347 omnino
1145 3302 1268 3362 omnes,
1317 3313 1318 3317 ¹
1428 3291 1431 3297 '

167 3384 207 3447 ad
222 3383 382 3454 annarias
398 3403 499 3465 usque
515 3404 625 3446 severa
637 3386 796 3448 sanctione
812 3386 1021 3449 sustulerunt.

211 3485 316 3548 Credo
330 3485 400 3546 haec
411 3485 480 3567 jam
490 3485 684 3568 respondere
694 3506 787 3570 posse
802 3486 901 3550 etiam
911 3487 993 3551 votis
1004 3485 1108 3569 iniqui
1116 3483 1267 3567 hominis,

167 3585 208 3650 ad
222 3586 368 3656 instituta
383 3587 473 3649 Jarls
488 3586 748 3658 demonstranda.

210 3690 356 3754 Ventum
375 3697 424 3754 est
447 3690 488 3754 ad
501 3691 674 3756 Historias.
721 3692 863 3771 Sacram,
880 3693 971 3776 cujus
986 3691 1049 3755 fide
1065 3691 1269 3774 cognoscitur
1326 3695 1387 3755 135

199 3826 308 3892 '‘[Haec
329 3827 415 3878 omnia
436 3826 542 3876 discutit
564 3826 605 3876 rr.
617 3827 696 3877 Hoto
739 3830 780 3877 tus
791 3830 862 3886 esset,
881 3827 947 3891 quod
964 3827 1046 3877 foenus
1061 3827 1180 3889 exigeret,
1200 3829 1270 3893 omni

167 3909 234 3942 man.
253 3893 321 3956 llpit.
339 3894 367 3942 in
385 3891 463 3942 Pand.
480 3892 524 3942 lib.
542 3893 605 3940 xxii.
625 3894 666 3942 tit.
678 3892 695 3942 i.
739 3892 880 3942 substantia
899 3908 944 3956 pro
962 3893 1001 3949 ria
1019 3896 1121 3951 careret,
1138 3895 1164 3941 et
1184 3898 1270 3954 postea

167 3959 231 4020 520.
243 3971 293 4019 seq.
305 3958 350 4006 col.
360 3957 455 4008 407.Λ.
465 3972 515 4020 seq.
529 3956 612 4022 lton]
739 3972 785 4020 pro
804 3958 891 4020 exlege
911 3958 944 4009 ha
976 3956 1178 4017 retur,”—Ixeges
1200 3956 1269 4006 now.

200 4020 207 4054 ¹
225 4021 306 4086 [Vide
312 4022 329 4070 J
331 4025 378 4071 nst.
391 4021 456 4071 Nor.
467 4022 500 4070 vi.
510 4037 563 4084 cap.
576 4025 598 4072 5.
616 4021 695 4073 Auth,
741 4022 810 4072 conf.
818 4020 941 4084 capxxii.
955 4021 995 4084 (al.
1004 4022 1110 4086 xxxvii.)
1122 4021 1196 4072 (lonc.
1206 4027 1225 4071 t.
1234 4023 1268 4083 ix,

166 4086 231 4136 0011.
243 4086 260 4134 i.
277 4086 317 4149 tit
331 4089 353 4136 5.
368 4085 441 4149 Corp.
455 4085 510 4136 Jur.
523 4085 577 4137 Oiv.
595 4091 656 4138 tom.
669 4087 697 4136 ii.
741 4085 924 4150 col.1024.D.]
1084 4149 1090 4162 ι

167 4149 386 4278 palio[5llotoman.
402 4213 550 4280 (utsupra),
567 4219 579 4277 i
597 4217 636 4266 lo.
652 4215 698 4266 col.
743 4149 1270 4266 abouirsriiiuiifficiiidiiuriozliiliirit.suii'ieibi

168 4283 224 4331 419.
237 4279 275 4344 G.]
741 4285 801 4330 sunt
808 4281 903 4342 Anglia
912 4281 1040 4340 r.n1290,
1053 4283 1082 4329 ut
1094 4280 1169 4331 refert
1178 4279 1266 4340 l'lrom.

199 4354 213 4382 1·
230 4345 258 4409 [“
270 4343 402 4394 Usumrios
412 4357 511 4407 qnoque
520 4343 635 4395 defendit
645 4344 699 4395 Rex
742 4343 1139 4408 wikesinchron.adannum.]
1226 4397 1228 4399 .

169 4409 313 4468 Edwardua
341 4423 373 4461 ne
394 4413 535 4459 remaneret
555 4410 649 4472 aliquis
670 4409 699 4459 in
774 4410 835 4474 Ι’[5.
848 4408 980 4468 biddu.
994 4407 1165 4474 isl.oap.20.]
1260 4446 1263 4451 .

168 4479 223 4524 toto
234 4488 312 4536 regno
323 4487 381 4532 suo;
399 4477 425 4522 et
435 4473 456 4522 si
468 4474 525 4536 quis
533 4473 592 4523 inde
603 4474 699 4524 cenric
1161 4475 1163 4481 ’

212 4570 270 4604 xro.
288 4569 325 4604 or.
344 4569 428 4604 rosan.
990 4572 1010 4618 L
