2970 4914
263 249 307 312 88
442 311 449 322 ,
631 261 1035 324 condemnaremus,

262 420 335 485 illos
365 420 405 484 de
435 421 539 483 Roma
560 418 773 484 Antichristos
798 420 991 483 Gbristaraan
1013 415 1156 494 Domini,
1181 415 1270 500 qnasi
1290 436 1361 480 rem

265 545 357 588 suam
379 531 454 606 agat
472 524 594 587 solum:
628 523 683 586 sed
707 530 740 587 et
760 531 873 587 contra
895 522 1057 586 misellum
1082 521 1176 583 illum
1195 521 1361 602 Belgam2,

257 627 338 708 fidei
357 647 440 690 verae
462 647 554 690 verus
572 624 735 707 Defensor,
760 627 815 710 qui
838 626 1003 691 Christum
1022 625 1129 708 ipsum
1147 623 1210 687 Dei
1230 623 1361 702 Filium,

263 730 405 813 adeoque
420 731 527 794 Deum
542 730 656 812 Ipsum
670 729 706 792 in
717 730 847 794 'Phrone
862 751 930 809 suo,
940 749 1076 793 vesanus
1086 728 1185 792 homo
1193 727 1360 811 impetere,

262 838 296 899 et
311 833 402 916 quasi
417 834 518 914 eapite
532 834 669 896 minnere
684 854 780 897 ausus
796 840 857 897 est.

307 936 416 1002 Quam
429 956 504 999 vero
517 937 670 1014 veritatis,
686 942 754 998 tam
769 943 802 999 et
810 937 906 1018 pacis
921 934 1093 998 studiosus.
1138 934 1227 997 Nam
1243 940 1275 997 et
1289 955 1361 996 eam

263 1038 324 1102 sibi
339 1039 450 1103 ascivit
464 1038 499 1101 in
513 1038 713 1122 Symbolum,
723 1037 948 1122 inscripsitque
969 1037 1033 1101 suis
1046 1036 1152 1119 Regni
1161 1037 1360 1119 Insignibus,

262 1147 357 1209 Beati
371 1144 514 1226 Pacifici.
561 1146 657 1211 Quod
670 1145 733 1208 nisi
746 1145 969 1209 intervenisset
984 1143 1131 1207 odiosum
1145 1143 1226 1206 illud
1241 1150 1274 1208 et
1287 1144 1361 1224 paci

262 1251 357 1334 plane
369 1249 475 1332 fatale
497 1250 680 1334 prodigium
706 1251 887 1313 Pataerarii
911 1249 1065 1323 Sceleris;
1088 1248 1153 1311 nisi
1174 1257 1247 1332 post
1268 1249 1360 1329 illud,

263 1356 358 1438 Papae
380 1360 412 1417 et
437 1353 616 1418 Cardinalis
638 1353 832 1437 importunae
854 1353 1053 1437 scriptiones,
1075 1353 1182 1416 beatas
1204 1353 1265 1417 Ille
1287 1375 1361 1417 vere

262 1459 421 1541 Pacificas
445 1457 639 1542 jamdudum
662 1457 788 1520 fuisset.
834 1457 958 1520 Verum
981 1457 1069 1520 enim
1092 1477 1163 1539 quae
1186 1456 1227 1520 ad
1249 1477 1361 1540 pacem

263 1560 344 1625 serio
370 1581 480 1624 secum
505 1560 718 1624 meditantem
743 1581 780 1624 ac
797 1567 980 1624 versantem
1002 1559 1119 1637 animo,
1145 1559 1185 1623 ab
1210 1560 1361 1624 hactum

263 1669 375 1726 sancta
404 1671 438 1726 et
462 1663 584 1726 salubri
613 1663 818 1746 cogitatione,
850 1685 946 1746 quam
975 1683 1096 1741 vereor,
1119 1683 1161 1725 ne
1190 1661 1360 1726 infandum

264 1765 375 1829 Scelus
389 1765 470 1829 illud
480 1767 549 1850 jam
565 1787 647 1849 pene
662 1766 791 1850 penitus
808 1765 969 1830 averterit.
1012 1767 1061 1829 Ao
1077 1765 1130 1828 alii
1146 1765 1275 1848 quidem
1291 1767 1361 1830 aliis

262 1868 447 1932 nominibus
462 1866 648 1956 ἀλάστορας
662 1869 743 1948 illos,
754 1870 825 1952 Ego
840 1889 916 1933 vero
930 1868 981 1933 vel
996 1868 1036 1932 de
1047 1889 1112 1932 uno
1127 1869 1198 1946 hoe,
1214 1869 1298 1952 quod
1315 1870 1362 1933 sio

262 1971 350 2054 pacis
365 1993 453 2055 spem
468 1993 598 2036 omnem
613 1971 827 2056 praeciderint,
843 1993 863 2035 a
882 1971 976 2036 bonis
991 1971 1150 2050 omnibus,
1167 1971 1243 2034 diris
1258 1974 1362 2036 omui·
1406 1983 1411 1989 '

263 2075 324 2139 bus
340 2081 496 2139 aeternum
512 2075 712 2140 devovendas
728 2095 853 2139 censeo.
902 2075 1056 2138 Gaudebit
1075 2075 1110 2137 in
1129 2075 1251 2156 Sponsa
1266 2096 1361 2159 super

264 2177 326 2241 hoc
351 2177 464 2247 Socero
487 2199 524 2242 ac
538 2178 643 2242 verius
658 2179 768 2256 Patre,
784 2199 879 2261 quem
895 2178 921 2240 si
942 2198 999 2261 per
1014 2177 1123 2242 omnia
1137 2177 1172 2240 in
1187 2178 1240 2241 his
1254 2177 1361 2242 imite-

264 2287 328 2360 tur,
344 2281 437 2346 crede
452 2281 542 2360 mihi,
554 2281 703 2364 pandebit
717 2280 812 2346 facto.

308 2385 413 2467 Pergo
441 2406 517 2448 vero
541 2365 649 2449 etiam.
694 2383 869 2449 Necdum
896 2384 984 2448 enim
1009 2384 1124 2467 Syrna
1143 2385 1205 2448 hoc
1234 2390 1361 2448 contra-

263 2487 408 2551 hendum
430 2487 544 2552 nobis:
567 2487 702 2552 ulterius
729 2509 763 2552 se
788 2487 922 2572 porrigit
944 2488 1095 2570 paediam
1118 2508 1212 2571 super
1227 2491 1359 2571 Sponsa.

263 2591 377 2655 Trahit
400 2592 575 2655 enimcum
590 2592 674 2675 Repe
693 2597 786 2655 tanto
801 2592 901 2654 Patre
915 2592 1025 2674 Regina
1047 2591 1116 2674 ejus
1125 2617 1135 2670 ς
1167 2598 1263 2674 atque
1285 2613 1360 2655 cum

265 2695 386 2778 Regnis
400 2717 511 2760 omues
526 2717 586 2759 nos
602 2696 658 2779 qui
673 2716 784 2760 omnes
804 2696 885 2780 Ejus
906 2717 1026 2758 sumus.
1070 2695 1180 2778 Atque
1202 2695 1249 2758 ita
1270 2696 1361 2777 quasi

263 2798 460 2882 Conjugium
483 2798 545 2862 hoc
569 2804 618 2862 est
634 2798 779 2862 omnium
794 2805 953 2862 nostrum.
998 2797 1077 2862 Nou
1093 2797 1180 2861 enim
1203 2797 1360 2863 familiam

261 2901 358 2965 modo
380 2901 521 2980 familiae,
531 2903 692 2985 'tuamque
713 2901 776 2965 hoc
791 2901 832 2965 ad
847 2901 1044 2985 privatorum
1060 2921 1187 2984 quoque
1206 2901 1359 2984 pertinet)

261 3003 318 3067 sed
340 3025 411 3087 quae
438 3004 626 3087 Principum
652 3003 848 3068 nubentium
872 3004 942 3067 laus
964 3011 1023 3082 est,
1044 3005 1172 3066 Gentem
1190 3004 1282 3066 Genti
1305 3004 1363 3068 de·

263 3114 414 3190 sponsat:
438 3114 476 3170 ut
498 3107 568 3170 haec
589 3128 658 3170 non
672 3114 740 3170 tam
749 3128 966 3189 personatam,
992 3129 1088 3190 quam
1104 3107 1360 3188 montanorum,-

260 3231 327 3273 non
349 3215 417 3273 tam
433 3209 586 3273 Friderici
602 3216 634 3274 et
649 3210 856 3289 Elisabethae,
872 3233 968 3295 quam
984 3209 1162 3274 Britanniae
1178 3217 1210 3274 et
1227 3211 1360 3274 Germa-

259 3313 322 3378 niae
337 3314 497 3378 connubia
512 3313 586 3378 sint.
635 3316 763 3378 Gentem
788 3315 880 3378 Genti
895 3315 971 3392 dixi,
986 3315 1052 3378 imo
1070 3316 1183 3378 Gentes
1201 3315 1360 3380 Gentibus.

259 3417 348 3480 Nam
378 3439 441 3500 qua
470 3439 489 3481 a
517 3418 624 3496 Patre,
650 3417 813 3501 Angliam,
839 3417 989 3496 Scotiam,
1014 3417 1224 3493 Hiberniam
1254 3439 1361 3500 quaa

260 3521 378 3600 Matre,
396 3521 545 3599 Daniam,
578 3529 610 3585 et
636 3523 842 3606 Norvegiam,
875 3545 937 3606 qua
966 3529 1075 3586 autem
1098 3521 1263 3585 affinitatis
1285 3523 1361 3606 jura

260 3632 452 3704 commeant,
473 3646 531 3709 per
546 3625 694 3708 Belgium
717 3648 837 3710 perque
852 3627 950 3704 alias3
975 3647 1038 3708 qua
1051 3646 1126 3689 vero
1141 3632 1174 3689 et
1188 3626 1360 3708 Religionis

255 3730 339 3812 jura,
357 3730 412 3813 qui
437 3731 595 3813 Religioni
616 3717 803 3793 Ortbadaaa
825 3729 935 3793 favent
957 3728 1089 3792 omnino
1109 3748 1231 3790 omnes
1278 3727 1360 3793 Quae

258 3853 325 3895 non
347 3833 424 3896 satis
447 3841 522 3896 ante
538 3853 690 3896 connexae
711 3832 797 3895 inter
812 3853 855 3909 se,
870 3832 932 3895 hac
950 3832 1019 3914 jam
1042 3829 1133 3913 quasi
1156 3830 1360 3894 adamantina

260 3939 370 3995 catena
396 3934 579 3997 constrictae
608 3954 645 3996 ac
669 3933 902 4011 ferruminatae,
934 3932 1024 4015 quasi
1052 3953 1157 3995 unum
1182 3932 1218 3994 in
1244 3954 1360 4015 corpus

259 4035 446 4114 coalescent,
470 4057 507 4099 ao
526 4042 657 4098 mutuas
680 4057 777 4118 porro
796 4035 881 4098 vices
904 4034 1106 4118 praebebunt,
1131 4041 1169 4098 ut
1190 4042 1300 4098 coacto
1324 4036 1360 4099 in

259 4132 404 4196 ordinem
419 4133 559 4197 Romano
574 4134 773 4216 Diotrepaen
790 4133 846 4217 qui
861 4134 1039 4197 Monareba
1049 4133 1118 4217 jam
1130 4133 1237 4218 potius
1252 4134 1359 4196 cluere

293 4293 397 4358 ¹[Vide
427 4293 638 4345 Protestationem
669 4296 787 4345 Antivor·
830 4294 891 4357 Reg.
900 4294 985 4345 Jacob.
998 4295 1053 4359 Op,
1064 4310 1106 4364 pp.
1116 4295 1254 4348 etl-379.
1277 4292 1358 4344 Lond.

259 4359 343 4418 stiam,
354 4359 382 4407 in
400 4373 449 4421 qua
462 4359 515 4408 Rex
529 4374 600 4409 suam
615 4362 718 4424 exponit
734 4375 786 4410 sen·
831 4360 930 4423 1619.]·

259 4424 366 4472 tantiam
377 4422 409 4472 de
421 4423 652 4473 Gontoederatorum
668 4426 786 4474 ordinum
863 4433 873 4456 ¹
891 4425 1063 4490 [31011101.
1077 4427 1114 4491 9.]

258 4487 350 4538 affectu
362 4492 388 4538 et
398 4489 462 4539 actis
473 4491 500 4538 in
511 4504 585 4538 causa
597 4490 702 4551 Vorstii,
719 4490 787 4554 apud
