2970 4914
505 263 626 324 oomro
647 261 792 324 aooosrr,
817 249 911 312 1606.
1213 243 1255 306 68

161 422 321 484 doctorum
343 423 373 480 et
394 418 597 481 1111111111θὲ
641 417 776 500 Repidua
796 418 865 502 jam
883 417 1014 480 sulutem
1036 415 1101 492 dot,
1119 433 1182 496 quo
1205 412 1259 476 det

160 520 285 605 populu
305 527 483 604 opportune
501 520 576 599 illis,
593 541 667 603 quo,
682 541 740 605 per
760 520 843 600 illos,
858 519 1023 583 universis
1070 518 1168 594 Nam,
1184 514 1261 579 inde

161 625 241 688 adeo
256 631 314 704 est,
331 624 416 707 qnod
432 623 644 706 Magistratus
665 646 733 689 non
750 624 847 689 modo
867 625 955 688 Deos
975 622 1073 687 dixit:
1096 621 1168 703 Epo
1184 620 1261 697 diui,

161 730 218 792 Dii
227 726 326 791 ertias:
352 728 408 792 scd
423 733 456 792 et
472 727 663 792 amatores.
689 728 743 792 Sic
757 728 846 793 enim
859 727 942 795 libro
959 727 979 790 J
980 725 1121 803 ndicum,
1138 722 1264 808 quoties

162 833 202 898 de
218 855 343 897 summo
355 833 551 915 Magistratn
565 833 688 896 mentio
702 833 757 896 fit:
781 833 880 910 Deus,
892 829 1008 914 inquit,
1024 828 1187 892 maritavit
1200 827 1265 890 illis

161 943 349 1000 savatorem
364 935 526 1014 Othouiel,
544 935 687 1013 Gedeon,
701 936 722 998 J
723 934 852 1018 ephthe,
868 933 1036 1016 reliquosss.
1082 933 1265 995 Servatores

163 1061 239 1122 ergo
254 1046 330 1103 sunt
345 1039 521 1102 multorum
535 1037 692 1102 millium:
718 1039 900 1101 Servatores
915 1043 965 1100 tot
979 1034 1129 1112 millium,
1142 1053 1265 1098 servare

163 1123 426 1221 consentaneum,
458 1143 619 1221 decorum,
651 1142 789 1224 denique
818 1143 889 1205 Deo
919 1141 1064 1223 dignum.
1120 1139 1265 1202 Salutem

164 1247 284 1310 scilicet-
306 1247 370 1310 illis
394 1246 478 1324 dare,
495 1245 683 1328 inquorum
705 1245 807 1308 salute
830 1245 915 1308 salus
936 1249 1056 1322 nostra,
1071 1248 1182 1305 nostra
1196 1261 1265 1304 om·

163 1349 255 1412 nium
280 1349 364 1412 salus
390 1348 452 1412 sita
477 1356 534 1412 est.
560 1349 686 1415 ‚Locus
712 1353 760 1411 est
785 1347 921 1430 insignis
950 1345 1035 1429 apud
1059 1346 1101 1408 D.
1117 1343 1264 1407 Paulum.

164 1453 260 1517 Fiant
277 1452 405 1536 (inquit)
433 1452 598 1514 Orationes
612 1472 674 1532 pro
697 1451 834 1514 omuibus
856 1447 1055 1514 hominibusi
1102 1447 1265 1513 Diffusum

164 1577 239 1619 vcro
253 1556 314 1619 hoc
323 1582 333 1634 ;
355 1555 453 1618 nimis
474 1555 609 1637 longum
633 1554 801 1618 decurrere
819 1576 876 1638 per
898 1575 1020 1618 omnes.
1065 1551 1175 1616 Vultis
1189 1572 1266 1634 ergo

165 1658 392 1742 compendium
414 1658 542 1722 facere?
587 1658 683 1720 1111111
697 1679 758 1739 pro
774 1658 932 1740 Rapidum:
956 1657 1044 1721 Nam
1067 1655 1093 1720 si
1110 1677 1169 1739 pro
1185 1654 1265 1731 Illis,

164 1783 222 1845 pro
239 1761 397 1824 omnibus.
442 1760 513 1824 Illis
529 1760 662 1839 sibene,
677 1760 760 1824 bene
776 1760 836 1824 erit
851 1759 1009 1824 omnibus.
1047 1759 1120 1825 Quo
1135 1757 1170 1820 in
1184 1757 1264 1834 loco,

165 1864 210 1928 sic
233 1870 308 1948 pote
338 1864 476 1946 assurgit
505 1864 706 1946 Apostolus:.
730 1863 857 1928 Gradus
886 1869 1013 1927 notate:
1037 1863 1103 1925 Pro
1132 1861 1264 1943 Rapidos

171 1967 311 2051 (inquit),
334 1989 396 2049 quo
416 1966 465 2029 illi
485 1965 582 2030 salvi:
600 1975 669 2050 'quo
693 1965 758 2029 illis
783 1967 886 2045 salvis,
910 1967 996 2031 salva
1017 1987 1097 2049 pax:
1119 1965 1156 2028 in
1178 1964 1264 2027 salva

167 2090 254 2152 pace,
269 2068 386 2132 notitia
400 2068 479 2132 Dei:
503 2089 543 2132 ex
556 2069 673 2132 notitia
686 2069 758 2147 Dei,
774 2069 840 2133 vita
853 2069 990 2133 honesta
1005 2075 1037 2133 et
1051 2069 1121 2152 pia:
1145 2089 1184 2132 ex
1199 2067 1265 2130 vita

168 2171 221 2255 pia
247 2177 280 2235 et
309 2171 455 2249 honesta,
480 2171 566 2234 salus
596 2171 726 2235 Mundi.
782 2171 981 2236 Videtisne?
1041 2170 1143 2238 Quasi
1169 2169 1266 2233 saluti

169 2275 315 2340 omnium
344 2275 423 2358 lapis
453 2274 615 2357 angularis
639 2274 835 2339 substruitur
862 2277 955 2338 Solos
978 2276 1105 2356 Rapum,
1131 2281 1163 2338 et
1186 2275 1266 2338 Ora-

169 2377 273 2442 tiones
287 2399 345 2461 pro
360 2378 425 2440 illa.
1255 2436 1259 2444 .

213 2482 337 2544 Verum
358 2480 436 2562 quid
456 2501 516 2563 ego
534 2480 613 2544 foris
632 2480 710 2543 hinc
732 2502 855 2544 arcesso
869 2481 961 2544 haec?
985 2502 1059 2544 cum
1075 2479 1162 2544 domi
1176 2479 1268 2543 nobis

170 2589 343 2647 nascantur
362 2583 415 2645 hic
433 2583 469 2645 in
489 2583 617 2646 Psalmo
639 2588 760 2662 nostro,
788 2590 820 2646 et
846 2583 977 2666 quidem
998 2583 1101 2647 multo
1120 2582 1267 2645 felicius?

171 2687 233 2750 Pro
248 2687 366 2768 Reponi
387 2686 487 2747 solute
511 2685 633 2748 Gratiae
657 2685 798 2768 agendae,
822 2686 928 2749 Versu
950 2687 1030 2764 hoc3
1055 2688 1169 2750 Preces
1192 2684 1268 2747 faci·

171 2789 272 2867 endae,
288 2789 394 2850 Versu
408 2787 560 2871 proximo.
608 2789 715 2854 Quare
730 2788 884 2852 tandem?
915 2789 1081 2853 Nimirum
1095 2789 1201 2852 Versu
1217 2791 1269 2852 12.

173 2891 246 2956 Quo
261 2890 306 2953 sic
313 2889 395 2970 filiis
409 2891 534 2969 uostris,
554 2912 616 2973 quo
624 2890 773 2971 filiabus:
798 2892 903 2955 Versu
913 2894 963 2955 13.
996 2892 1068 2958 Quo
1087 2898 1270 2974 promptuo-

171 2994 239 3071 rc'io,
267 3014 330 3077 quo
350 2993 515 3074 prepibue:
540 2993 712 3058 Versu'ld.
738 2994 811 3060 Quo
835 2996 984 3058 armentia
1008 2995 1090 3058 bene
1117 2995 1175 3058 sit:
1200 2996 1272 3059 Nec

171 3097 247 3175 ulla,
264 3103 320 3159 aut
334 3097 438 3175 raino,
455 3103 510 3159 aut
525 3098 636 3175 coitus,
653 3103 709 3160 aut
724 3099 841 3160 clamor
855 3099 1023 3179 inpietate.
1046 3093 1142 3162 Nihil
1156 3099 1272 3162 horum

173 3200 237 3277 fiet,
254 3198 364 3262 omnia
377 3200 434 3261 illo
448 3201 537 3263 solvo
551 3207 647 3264 errmt
661 3199 763 3278 nobis,
773 3201 857 3282 Repe
867 3202 962 3264 solvo.
994 3202 1173 3266 Numerate
1187 3223 1271 3279 vero,

174 3301 257 3366 Octo
273 3307 358 3379 sunt,
378 3301 466 3383 (quas
481 3303 592 3365 Patres
610 3323 650 3366 ex
663 3302 768 3366 verbis
783 3303 911 3382 Psalmi,
927 3305 1046 3367 Beatos
1061 3306 1205 3386 popolus,
1221 3305 1274 3386 qut

173 3405 229 3482 sic,
252 3411 325 3467 octo
350 3403 521 3468 felicitates
547 3404 663 3484 saeculi,
688 3412 760 3469 octo
781 3413 925 3470 terrenas
945 3407 1161 3472 beatitudines
1187 3407 1273 3471 dixe-

174 3505 261 3589 rrmt)
282 3527 393 3569 omnes
407 3527 446 3569 ex
458 3507 585 3588 Regum
600 3507 701 3571 salute
716 3508 899 3591 pendentes.
923 3511 995 3574 Nec
1009 3510 1105 3574 modo
1119 3516 1192 3574 octo
1206 3510 1273 3587 has,

175 3609 231 3672 sed
253 3615 295 3690 et,
314 3608 396 3692 (quae
422 3616 564 3693 superest
587 3609 710 3688 ultima,
732 3631 769 3674 ac
794 3610 896 3674 instar
915 3611 1061 3675 omnium
1084 3620 1142 3691 est,
1158 3615 1276 3675 Beatos

169 3713 312 3794 populos,
330 3713 380 3776 cai
395 3712 483 3776 Deus
498 3712 679 3795 Dominus.)
713 3713 789 3797 Ipsa
803 3735 937 3797 quoque,
953 3715 1002 3798 (ut
1017 3716 1105 3778 Deus
1120 3721 1224 3778 noster
1235 3714 1276 3778 sit

125 3824 128 3829 '
176 3814 344 3893 Dominus,
360 3814 468 3895 idest,
483 3823 521 3878 ut
537 3815 663 3898 Religio
681 3816 767 3880 salva
786 3816 827 3880 sit
841 3817 945 3899 nobis)
962 3839 1080 3900 magna
1095 3817 1223 3901 quidem
1238 3839 1277 3880 ex

175 3923 266 4001 parte
288 3917 407 4000 pendet
422 3940 442 3980 a
456 3918 614 4002 Principe.
661 3919 727 3986 Qui
749 3920 836 3984 enim
859 3927 954 3998 certe,
970 3920 1006 3982 in
1026 3919 1117 3984 libris
1140 3921 1276 4003 Regum

177 4041 232 4083 sex
246 4021 351 4102 Reges
367 4021 388 4083 J
389 4020 454 4084 uda
468 4021 640 4086 successive
660 4022 791 4104 legerit:
817 4023 891 4102 Qui,
907 4023 943 4086 in
957 4023 1092 4086 historia
1105 4022 1278 4087 Ecclesias-

176 4121 242 4186 tioa
256 4121 397 4204 quinque
412 4123 625 4206 Imperatores
646 4124 835 4187 successive:
860 4126 934 4203 Qui,
951 4126 1039 4190 domi
1053 4125 1106 4189 hic
1122 4126 1205 4210 apud
1219 4147 1278 4189 nos

179 4231 316 4308 quatuor
331 4224 495 4308 Principes
518 4226 690 4289 successive
706 4227 819 4290 viderit
843 4227 1044 4311 Religionem
1064 4229 1258 4293 alternantes
1267 4253 1275 4305 ;

312 4383 323 4407 θ
339 4375 397 4425 Jon
409 4375 443 4425 iv.
456 4377 495 4435 10,
507 4377 546 4426 11.
876 4387 896 4418 ’3
912 4378 971 4428 Jud.
983 4379 1020 4428 iii.
1033 4381 1129 4438 o,15..

311 4438 319 4469 f
335 4439 399 4490 Psal.
412 4440 503 4489 lxxxii.
516 4444 538 4491 6.
883 4441 893 4473 ¹²
912 4445 925 4491 1
938 4443 1004 4492 Tim.
1014 4444 1041 4494 ii.
1054 4444 1124 4492 1-4.
