2970 4914
246 261 310 326 158
572 316 576 325 .
694 272 737 325 nu
757 274 898 338 neonus,

245 429 450 508 audiendum,
486 428 572 512 quod
597 427 675 493 dicit
699 431 842 512 Majores
866 431 999 504 oostri;·
1026 429 1235 513 Antiquiores
1270 450 1347 512 ergo

245 535 380 597 Decimo
405 532 583 616 Augustini
608 532 725 597 saeculo
737 534 758 616 ε)
776 533 860 616 qood
879 535 949 598 Deo
972 533 1108 596 decimas
1128 533 1268 595 dabam:
1286 579 1294 596 .
1312 580 1345 599 ..

245 637 335 700 modo
355 643 457 700 ootein
478 638 551 719 poio
575 634 706 700 decessit
728 637 848 700 devotio
869 637 940 716 Dei,
966 638 1098 700 occessit
1115 638 1246 700 indictio
1261 636 1346 717 fisci.

245 741 398 804 Nolumus
408 741 532 822 partiri
550 761 619 803 oum
633 742 701 804 Deo
716 740 862 819 decimae
883 741 973 803 modo
994 740 1124 824 [antem]
1150 747 1248 804 totam
1263 742 1346 805 toili-

245 849 320 906 tur:
343 843 414 906 Hoc
429 844 512 906 toltit
525 843 644 921 Romo,
660 843 744 925 qood
755 864 817 906 ooo
831 844 947 924 occipit
965 844 1108 908 Christus
1116 856 1138 907 ¹.

290 947 529 1041 Hieronymum
547 952 711 1028 praetereo,
728 946 845 1029 quippe
859 946 1018 1029 prolixum
1033 946 1138 1024 nimis,
1155 946 1210 1029 qui
1223 946 1348 1030 primus

243 1057 354 1114 tamen
370 1058 598 1134 argumentum
619 1049 681 1114 hoc
702 1049 905 1114 concinnavit
926 1049 962 1112 in
978 1049 1114 1113 Scholiis
1129 1049 1194 1112 suis
1212 1049 1253 1113 ad
1268 1051 1347 1119 Pro,-

243 1154 374 1238 phetam
386 1163 408 1218 ⁸.

286 1361 333 1425 At
348 1359 435 1424 enim
450 1358 525 1443 quia
543 1357 579 1422 in
600 1355 733 1442 proclivi
746 1358 838 1424 labor
860 1366 909 1424 est
924 1360 1062 1424 decimos
1079 1358 1139 1423 sub
1159 1361 1241 1442 Leoe
1256 1380 1348 1442 repo·

242 1463 357 1542 rieudi,
373 1485 410 1527 ac
425 1469 572 1547 suspecta
589 1463 668 1527 fides
682 1463 718 1526 in
731 1463 792 1528 hac
808 1464 982 1546 quaestione
1000 1464 1188 1527 Testamenti
1205 1465 1327 1527 Veteris
1336 1489 1347 1536 ;

244 1588 312 1650 age,
330 1587 509 1650 quaeramus
522 1565 558 1629 in
572 1566 672 1645 Nooo,
688 1572 721 1630 et
733 1565 790 1630 ubi
804 1565 1007 1650 iniquissima
1020 1567 1085 1632 illis
1104 1566 1231 1632 videtin
1253 1567 1349 1630 dimi-

243 1669 338 1733 candi
353 1667 503 1746 conditio,
518 1667 554 1730 in
568 1689 607 1733 eo
621 1667 736 1752 pedem
751 1668 963 1733 conferamus.

288 1771 417 1856 Objicio
431 1771 571 1855 primum
592 1769 656 1834 illis
676 1771 828 1837 Matthaei
842 1771 1064 1856 Evangelium,
1081 1771 1122 1837 ad
1137 1778 1233 1856 caput
1248 1772 1347 1853 xxiii,

243 1895 370 1939 versum
386 1895 511 1958 quoquc
525 1877 579 1954 23,
600 1875 723 1940 Christi
738 1875 839 1960 ipsius
856 1878 963 1957 verba,
986 1877 1097 1942 Ταῦτα
1115 1873 1181 1941 ἔδει
1197 1879 1347 1957 ποιῆσαι,

244 1975 374 2043 κάκεῖνα
386 1976 431 2060 μὴ
450 1974 609 2064 dodoni.
654 1979 778 2043 Locum
792 1979 880 2044 hunc
894 2002 961 2045 nou
981 2002 1052 2064 ego,
1070 1981 1237 2066 (quorsum
1258 1980 1347 2044 enim

244 2079 326 2145 mihi
340 2101 511 2158 assumam,
522 2079 607 2164 quod
617 2101 727 2145 meum
736 2103 804 2146 non
819 2089 867 2147 est
878 2083 905 2167 i)
921 2084 1065 2147 Ecclesia
1075 2091 1168 2147 vetus
1180 2083 1225 2146 sio
1240 2090 1346 2166 urget.

245 2184 334 2250 Quas
349 2183 496 2248 Christus
510 2182 579 2266 ipse
588 2182 688 2268 jussit
701 2181 746 2266 μὴ
761 2181 901 2270 ἀφιέναι,
913 2205 975 2248 ooo
989 2186 1142 2263 omittere,
1153 2185 1242 2249 Soita
1251 2183 1346 2248 Prin·

244 2286 352 2370 cipum
380 2306 491 2350 cavere
515 2306 583 2350 uon
611 2285 741 2367 debent,
766 2293 805 2350 ut
833 2287 1035 2352 omittantur.
1079 2287 1346 2371 Assumptionem

243 2395 353 2453 autem
367 2388 438 2472 quis
451 2387 578 2454 nescit?
623 2389 728 2454 Tanto
750 2395 859 2454 autem
873 2389 943 2454 haec
963 2389 1048 2454 ratio
1058 2391 1196 2473 majores
1210 2390 1347 2455 lacertos

243 2491 352 2570 habet,
368 2490 454 2575 quod
475 2512 550 2556 oum
574 2490 697 2575 aliquot
718 2498 815 2557 autea
835 2492 871 2556 in
892 2492 982 2572 locis,
999 2493 1038 2557 de
1060 2513 1206 2556 moooom
1220 2495 1345 2574 lotione,

244 2593 285 2659 de
298 2594 457 2676 spicarum
471 2590 706 2676 codricotioao,
716 2593 850 2679 aliisque
865 2596 1063 2675 ceremoniis,
1076 2617 1180 2660 sermo
1193 2595 1345 2679 primum,

243 2703 316 2781 post
341 2696 441 2761 etiam
466 2695 572 2780 pruma
599 2695 776 2776 incidisset,
805 2696 927 2761 omittit
955 2697 1024 2782 ipse
1052 2719 1120 2762 nou
1148 2697 1347 2781 imprudens,

244 2800 431 2869 omittentes
446 2799 591 2864 defendit
599 2825 609 2878 ;
625 2799 713 2884 quod
725 2799 830 2885 magis
844 2801 972 2881 mirere,
988 2801 1085 2865 etiam
1106 2801 1225 2885 populo
1236 2809 1350 2867 auctor

245 2912 294 2968 est
317 2902 499 2968 omittendi.
544 2903 646 2986 Atqui
664 2902 705 2968 de
728 2903 789 2968 hac
803 2910 925 2984 nostra,
946 2905 1064 2970 diserta
1078 2904 1175 2969 verba
1187 2911 1273 2985 sunt,
1289 2907 1351 2969 Δεῖ

244 3003 289 3088 μὴ
305 3001 435 3091 ἀφιέναι
445 3014 465 3068 ⁰.

288 3108 397 3173 Etiam
421 3107 507 3191 quod
528 3106 633 3172 adhuc
653 3107 863 3191 ponderosius
885 3115 944 3187 est,
960 3129 1035 3174 cum
1057 3117 1141 3174 esset
1163 3109 1219 3174 Illi
1241 3130 1348 3174 sermo

245 3209 407 3274 derebus
436 3207 582 3273 omnium
610 3209 758 3273 maximis
781 3210 1049 3295 gravissimisque,
1075 3213 1291 3276 misericordia
1313 3221 1347 3278 et

236 3314 372 3396 jndicio,
388 3305 501 3376 eodem
522 3311 571 3396 (ut
588 3311 636 3376 ita
653 3311 770 3396 dicam)
796 3314 1010 3398 Paragrapho,
1033 3315 1234 3379 sanctionem
1254 3317 1346 3399 ponit

245 3424 282 3481 ut
297 3416 337 3480 de
351 3413 416 3479 illis
425 3413 596 3497 sedendis,
611 3414 659 3479 ita
673 3415 714 3480 de
727 3415 798 3479 istis
819 3437 881 3480 noa
896 3418 1085 3482 omittendis.
1132 3418 1220 3485 Quid
1236 3419 1348 3503 quaeri·

244 3521 310 3584 tis?
355 3518 506 3584 Ecclesiae
521 3518 697 3584 Primitivae
712 3540 779 3583 uon
793 3519 886 3584 facile
901 3520 1009 3584 credet
1025 3520 1106 3603 quis,
1122 3521 1236 3605 quanti
1250 3521 1347 3586 fuerit

244 3624 314 3689 haec
328 3623 421 3688 ratio.

288 3728 381 3792 Duos
403 3747 443 3789 ex
463 3723 599 3788 infinitis
621 3723 768 3788 evocabo.
814 3725 877 3788 Pro
901 3725 1087 3789 Graecorum
1101 3725 1246 3789 Ecclesia
1261 3725 1346 3790 dicet

245 3829 345 3906 alter3
380 3827 462 3891 alter
490 3848 548 3910 pro
578 3825 707 3890 Latina.
727 3826 1011 3910 ⁶0hrysostomus,
1047 3828 1170 3892 Homil.
1186 3828 1285 3892 lxxiii.
1309 3829 1346 3894 in

244 3931 367 3996 Matth.
388 3929 875 4015 VerbaOhrysostomichsito
887 3931 987 4011 addit,
999 3921 1322 4016 Haeo'oportetfooere
1333 3958 1345 4006 ,·

275 4143 285 4167 ¹
300 4133 526 4212 [PseudoAugust.
535 4132 613 4184 Serm.
620 4134 719 4184 lxxxvi.
728 4133 772 4196 (al.
849 4143 860 4166 ¹
876 4134 944 4186 Vide
955 4135 979 4186 S.
988 4135 1059 4186 Hier.
1070 4135 1167 4187 comm.
1178 4137 1206 4186 in
1218 4137 1278 4188 Mal.
1292 4153 1346 4203 cap.

243 4200 326 4250 xlviii.
344 4200 412 4248 inter
431 4199 529 4248 Homil.
539 4199 578 4263 L.)
599 4203 611 4262 5
625 4202 647 4250 3.
665 4198 732 4262 apud
745 4198 769 4250 S.
815 4199 854 4250 iii.
871 4200 927 4263 Op,
938 4209 1000 4251 tom.
1012 4202 1046 4250 vi.
1057 4202 1113 4251 coll.
1126 4201 1275 4266 att-otu]

243 4264 370 4328 Aug.0p.,
378 4267 439 4312 tom.
446 4278 470 4312 v.
479 4263 595 4326 Appond.
603 4264 651 4314 col.
659 4263 771 4324 2660.B.,
821 4274 824 4279 ’
847 4262 859 4295 ⁶
876 4264 940 4315 Haeo
957 4267 1069 4330 oportuit
1085 4267 1172 4329 facere,
1184 4271 1211 4317 et
1228 4267 1274 4318 illa
1292 4282 1345 4331 non

242 4336 270 4381 et
279 4330 349 4378 citat
360 4329 389 4377 iu
406 4327 505 4377 Deerat.
522 4342 574 4391 par.
589 4327 618 4378 ii.
634 4327 706 4379 Onus.
718 4329 770 4378 xri.
814 4329 942 4380 omittere.

242 4394 338 4452 Quasi.
345 4393 389 4442 vii.
398 4407 451 4456 cap.
460 4392 513 4442 viii.
524 4391 769 4458 ‘Majorcs.'-Corp.
847 4401 857 4426 ²
875 4393 981 4461 Oportet
992 4410 1044 4446 nou
1055 4396 1181 4448 omittere.

241 4458 296 4511 Jar.
308 4457 368 4510 (ian.
380 4462 440 4508 tom.
452 4457 480 4508 ii.
492 4456 538 4508 col.
551 4457 633 4522 slot]
