2970 4914
516 273 554 322 m
575 273 722 323 nnmssu
744 274 902 324 rimmm.
1220 264 1263 326 93

160 429 333 494 exuendos.
378 429 457 494 Non
479 429 631 493 mutilum
645 431 811 516 Episcopis
825 432 1084 496 Ecclesiastienm
1103 433 1261 513 Ordinem,

160 555 239 617 quoa
247 535 356 616 pascit
372 535 510 616 Spiritus
526 534 661 598 Sanctus
674 556 781 618 repere
795 537 972 599 Ecclesiam
982 538 1044 600 Dei
1052 536 1070 601 ¹.
1096 537 1160 602 Sed
1176 537 1261 602 enim

161 660 241 722 quos
256 639 362 702 omnis
378 639 507 722 agnovit
520 639 709 721 Antiquitas
732 646 765 703 ct
780 646 931 704 venerata
945 648 1005 719 est,
1020 641 1082 704 rite
1097 641 1262 705 ordinatos

159 741 196 803 in
211 739 306 803 Clero
328 746 362 804 et
383 740 424 803 de
439 740 533 803 Clero
548 740 716 818 Diaconos,
733 740 947 823 Presbytenos,
964 749 997 805 et
1017 763 1114 825 supra
1136 750 1262 807 utrum-

162 864 223 927 que
242 843 390 909 Ordinem
403 844 597 924 Epiccopos:
626 844 697 907 Deo
711 844 862 926 primum,
878 851 950 928 post
970 852 1003 908 et
1023 846 1106 928 Regi
1123 847 1172 928 (ut
1191 868 1262 910 mos

160 947 238 1011 olim
252 947 287 1010 in
304 947 411 1029 Sione)
426 946 584 1010 rationem
599 946 782 1012 reddituros
797 949 1030 1032 procurationis
1045 971 1119 1014 suae.
1170 951 1263 1014 Ordi-

159 1071 239 1129 nenc,
255 1071 319 1132 quo
340 1049 423 1112 nihil
436 1049 488 1113 vel
509 1049 635 1113 Sanctis
651 1050 777 1127 literis,
793 1051 844 1115 vel
861 1051 986 1115 Sanctis
1003 1052 1196 1132 Canonibus,
1212 1055 1263 1117 vel

159 1153 276 1216 veteris
291 1152 442 1216 Ecclesiae
463 1152 563 1236 praxi,
580 1153 631 1216 vel
646 1152 838 1218 Christianae
854 1153 1051 1238 Reipublicae
1068 1156 1176 1219 Statui
1194 1156 1263 1238 (ubi

161 1257 290 1341 quidem
304 1278 404 1342 penes
419 1279 523 1320 unum
537 1278 647 1320 rerum
662 1255 803 1343 summa)
819 1258 920 1340 magis
936 1265 1201 1322 consentaneum.

205 1522 356 1604 Dumque
379 1521 426 1585 ita
447 1543 507 1584 nos
523 1520 662 1598 Christe,
684 1519 924 1603 Ecclesiamque
946 1527 1091 1584 nostram
1108 1521 1168 1584 uui
1181 1522 1262 1586 Viro
1276 1533 1298 1583 3.
1316 1530 1354 1582 De
1365 1533 1427 1582 utri-

161 1624 406 1708 despondemus,
430 1630 463 1688 et
489 1624 579 1707 quasi
604 1629 725 1687 castam
749 1623 919 1706 Virginem
940 1623 1126 1688 exhibemus
1150 1626 1261 1706 Deos,
1275 1596 1409 1726 ξξᾳζξοξξί

161 1750 326 1813 speramus
345 1728 484 1810 eandem
506 1748 599 1809 snper
617 1728 658 1790 Te
677 1725 870 1811 (Britannia)
888 1727 989 1790 Denn
1004 1734 1110 1792 tanne:
1148 1731 1261 1814 Spera-
1275 1727 1376 1792 gaudio.

160 1855 233 1897 mus
249 1841 282 1897 et
296 1833 371 1896 laeta
384 1833 491 1896 fronte
506 1832 647 1915 aspicere
662 1838 774 1894 nostra
787 1831 857 1895 haec
873 1831 913 1895 de
931 1832 1028 1896 Sionc
1043 1833 1213 1913 connubia,
1229 1841 1262 1898 et

162 1936 288 2020 signare
304 1957 399 2019 super
413 1957 452 2000 ea
464 1936 577 1999 lumen
590 1935 699 1999 vultus
715 1934 773 1998 sui.
820 1934 946 2002 Quibus
964 1936 1034 2019 jam
1048 1936 1262 2001 valedicentes

160 2039 397 2118 benedicemus,
414 2040 454 2103 de
478 2039 566 2118 Sion,
584 2061 647 2123 quo
669 2045 702 2102 et
718 2038 856 2120 Sponsrn
879 2044 975 2122 atquc
992 2040 1113 2121 Sponsa
1129 2061 1187 2103 suo
1203 2041 1263 2104 sibi
1318 2122 1320 2127 .

162 2143 288 2226 gaudio,
305 2149 339 2207 et
360 2163 436 2207 vero
459 2143 563 2205 divino
585 2142 648 2206 hoe
671 2141 789 2220 etiam,
801 2141 850 2204 illi
871 2162 946 2206 cum
968 2142 1075 2223 Sione,
1094 2143 1172 2207 Sion
1188 2164 1262 2207 cum

161 2247 225 2310 illis
240 2253 363 2325 mutuo,
376 2246 610 2322 immortaliter,
621 2266 732 2308 omnes
747 2244 886 2329 denique
900 2244 936 2307 in
951 2245 1022 2309 Deo
1038 2247 1239 2328 pandeanns.

205 2351 314 2434 Atque
329 2371 368 2413 ex
382 2349 432 2412 his
447 2348 604 2432 auspiciis,
621 2347 856 2431 auspicatisque
872 2348 952 2411 adeo
967 2347 1079 2427 initiis,
1097 2369 1261 2432 speramus

158 2455 213 2539 jus
235 2474 361 2537 quoquo
382 2451 451 2516 fore
472 2451 567 2515 nobis
592 2458 625 2514 et
648 2457 773 2534 partem
788 2451 824 2512 in
839 2451 1043 2532 Sponsalibns
1057 2451 1184 2534 magnis
1199 2452 1261 2514 Dei

162 2566 195 2621 et
212 2557 335 2621 Sionis:
359 2560 550 2638 vocatosque
571 2554 650 2618 adeo
672 2553 712 2616 iri
735 2575 794 2618 nos
814 2554 946 2616 tandem
966 2554 1007 2616 ad
1029 2555 1159 2637 nuptias
1173 2554 1261 2638 Agni

162 2669 196 2726 et
210 2663 342 2744 Sponsae
357 2682 432 2724 succ.
473 2659 599 2726 Quibus
615 2658 758 2742 quisquis
773 2657 996 2735 interfuturus,
1013 2678 1051 2721 eo
1064 2658 1134 2741 ipso
1149 2658 1262 2722 beatus

162 2766 199 2829 in
221 2787 317 2829 omne
339 2785 444 2827 aevum
466 2763 595 2827 futinus
615 2770 673 2828 est.
719 2764 807 2827 Nam
823 2762 920 2846 coepit
936 2762 1065 2845 quidem
1081 2763 1228 2826 Mundus
1244 2751 1281 2825 a‘

161 2871 288 2952 nuptiis,
312 2867 433 2951 nuptiis
456 2867 492 2930 in
516 2866 644 2946 Genesi,
667 2866 749 2930 Adae
771 2865 868 2950 primi
894 2887 968 2930 cum
994 2866 1063 2930 Eva
1070 2891 1081 2944 3
1112 2866 1263 2950 idemque

162 2974 287 3039 desinet
315 2973 351 3036 in
379 2972 506 3053 nuptias
536 2970 693 3049 Mundus,
729 2969 859 3053 nuptias
887 2969 923 3033 in
952 2969 1155 3054 Apocalypsi,
1182 2971 1264 3034 Adae

161 3077 300 3143 Secundi
322 3097 395 3140 cum
417 3095 484 3154 sna,
500 3074 588 3157 Agni
608 3095 683 3137 oum
698 3075 830 3156 Sponsa,
847 3072 910 3137 Dei
925 3094 999 3136 eum
1015 3074 1119 3138 Sione.
1165 3075 1194 3138 Ο
1209 3074 1266 3136 illa

160 3180 283 3259 laetitia,
296 3181 325 3244 Ο
338 3178 492 3262 gaudium
507 3177 587 3240 illud
603 3183 762 3261 quantum
778 3177 839 3241 erit
855 3183 888 3240 et
904 3177 1015 3260 quale!
1040 3178 1114 3240 Non
1125 3177 1265 3240 ascendit

160 3286 195 3349 in
217 3306 271 3350 con
292 3285 458 3362 leoninisss,
479 3304 542 3366 qua
565 3281 611 3345 ibi
634 3282 744 3344 latitia
765 3280 981 3364 perfruentur,
1001 3281 1116 3364 quibus
1137 3282 1266 3364 auidiis

162 3389 381 3466 exsultabunt,
399 3393 520 3471 quanta
541 3386 576 3449 in
598 3386 757 3466 oolnplate
770 3385 880 3448 vivent
899 3383 935 3446 in
957 3389 1125 3448 aeternum.
1172 3385 1207 3447 Is
1223 3384 1264 3446 sit

161 3492 235 3556 finis
255 3491 398 3556 omnium
419 3497 584 3553 nostrum:
623 3489 671 3552 Eo
686 3487 840 3571 perducat
855 3508 924 3565 nos,
941 3493 973 3550 et
987 3487 1153 3571 pervenire
1167 3486 1263 3550 faciat

161 3598 299 3678 Sponsam
313 3596 455 3678 Magnus
470 3592 618 3658 Christus
634 3590 793 3654 Dominus
808 3597 926 3667 noster,
944 3591 999 3654 &a

204 3747 211 3781 ¹
228 3749 285 3799 Act.
298 3765 340 3798 xx.
353 3751 391 3799 28.
551 3754 568 3776 ¹¹¹
588 3743 670 3809 [Vide
681 3745 696 3794 2
709 3743 764 3794 Cor.
776 3743 809 3792 xi.
823 3741 860 3805 2.]
1027 3749 1039 3773 ¹¹
1059 3743 1072 3790 1
1086 3740 1142 3791 Cor.
1154 3740 1180 3790 ii.
1194 3743 1217 3790 9.
