2970 4914
456 279 493 326 m
515 279 639 327 arnono
661 278 878 341 anovmcmm,
901 277 968 324 arc.
1115 336 1118 341 ¹
1219 263 1260 323 41

161 430 196 493 in
211 431 292 494 urbe
307 432 410 494 solum
425 439 458 496 ct
477 435 658 517 propinquo
672 455 756 511 rure,
772 433 828 496 sed
842 455 898 516 per
912 432 1142 496 remotissimas
1158 433 1264 514 Regni

162 539 270 615 partes
295 533 423 612 absunt,
444 555 526 617 ¹oreae
547 543 653 599 vester
683 543 767 598 sunt.
813 534 919 598 Nobis
944 535 1073 616 quidem
1096 535 1264 615 particule

164 635 276 716 Grecis
301 635 467 717 quaedam,
501 639 591 702 vobis
614 660 689 702 vero
714 640 875 701 universus
904 659 960 720 per
988 637 1173 700 universum
1202 637 1264 699 hoc

161 739 312 820 Regnum
339 739 425 802 Grec
450 741 638 804 commissus
662 749 721 805 est.
775 743 860 806 Cum
889 743 1031 804 autumo
1057 742 1147 823 yreyi
1173 740 1262 817 dixit,

162 841 252 905 vobis
276 841 375 905 dixit:
404 865 516 926 qreqea
537 867 678 928 namque
698 845 801 908 nostri
822 846 935 927 Greqia
956 845 1054 908 vestri
1073 867 1146 927 pars
1167 852 1243 907 sunt
1252 871 1262 922 3

160 964 219 1006 nos
233 943 305 1027 ipsi,
318 945 435 1028 quibus
450 947 486 1008 in
497 947 638 1010 Domino
653 947 807 1030 praeestis,
821 947 934 1029 Greqta
944 947 1041 1010 vestri
1055 969 1128 1029 pars
1139 969 1262 1010 sumus.

163 1047 281 1112 Quaeso
295 1069 351 1123 vos
373 1050 519 1132 (Patres)
545 1050 643 1133 idque
665 1051 700 1112 in
717 1049 891 1113 visceribus
912 1050 929 1111 J
934 1070 991 1111 esu
1011 1049 1142 1128 Christi,
1158 1056 1190 1112 et
1212 1049 1263 1111 his

161 1161 194 1215 ct
215 1153 289 1231 illis,
306 1160 338 1216 et
358 1155 471 1218 vestris
490 1163 523 1218 et
542 1155 670 1233 nostris,
686 1161 719 1219 et
739 1155 832 1218 nobis
850 1154 938 1236 ipsiS,
954 1156 1125 1217 attendite:
1150 1154 1263 1217 Attea-

162 1257 227 1318 dite
240 1258 382 1320 universo
401 1260 506 1340 Greci.

205 1364 325 1426 Latum
339 1349 413 1428 vero
435 1386 594 1448 campum,
611 1372 643 1427 et
662 1385 758 1446 quem
778 1370 888 1426 metuo
910 1363 1049 1441 intrare3
1073 1361 1129 1425 sed
1151 1362 1262 1425 decur-
1368 1413 1369 1416 η

162 1486 232 1527 ram
246 1466 346 1530 brevi.
394 1470 479 1530 Sunt
493 1489 567 1531 vero
581 1468 618 1530 in
628 1468 770 1530 aniverso
786 1466 847 1529 hoc
858 1487 953 1548 yreye
967 1472 1082 1544 vestro,
1099 1473 1175 1528 sunt
1189 1487 1263 1528 oves

162 1569 315 1647 erraticae,
337 1571 377 1633 ad
401 1571 496 1633 alieni
520 1591 630 1633 vocem
654 1562 794 1651 aliquam
817 1591 874 1652 per
896 1569 1033 1652 abrupta
1055 1570 1274 1631 Schismutum·

162 1671 324 1752 palantes:
355 1674 468 1736 Nolite
494 1673 609 1751 dicere,
637 1674 755 1736 Errent
780 1694 855 1736 vero
883 1673 919 1735 in
948 1673 1066 1734 malam
1089 1692 1176 1746 rem3
1208 1671 1263 1733 sed

163 1775 315 1836 attendite
337 1782 373 1837 ut
395 1776 586 1838 reducatur.
631 1777 675 1838 In
696 1779 838 1838 universo
860 1776 921 1839 hoc
939 1796 1034 1858 qreye
1057 1783 1170 1851 vestro,
1187 1781 1264 1836 sunt

164 1876 318 1940 morbidae
341 1879 420 1956 aliae,
438 1901 517 1961 quas
537 1879 587 1942 vel
608 1880 730 1943 Cancer
748 1880 926 1963 depravatae
944 1879 1113 1962 opinionis,
1128 1878 1179 1941 vel
1200 1878 1264 1940 dis-

164 1979 277 2043 solutae
292 1980 366 2043 vitae
381 1981 468 2044 labes
483 1981 643 2065 depascit:
666 1982 778 2046 Nolite
805 1982 919 2059 dicere,
939 1983 1028 2054 Quod
1034 1982 1122 2062 perit
1130 1986 1262 2061 percon

164 2082 220 2145 sed
235 2085 396 2163 attendite,
410 2107 528 2168 quaeso,
544 2093 581 2148 ut
597 2087 741 2168 alligetis.
766 2087 808 2149 In
819 2087 961 2149 universo
973 2086 1035 2148 hoc
1043 2105 1137 2168 qreye
1146 2091 1262 2161 vestro,

165 2193 240 2247 sunt
256 2193 288 2248 et
305 2195 469 2269 protervae,
486 2210 622 2271 quarum
633 2190 702 2273 jam
716 2189 808 2252 valde
823 2210 977 2252 numerus
993 2189 1141 2266 excrevit,
1157 2208 1263 2250 mace·

164 2287 245 2349 riam
260 2296 357 2371 atque
380 2298 469 2373 septa
488 2291 706 2354 transilientes
715 2316 724 2367 3
749 2313 823 2354 oves
844 2291 930 2369 alias,
947 2292 1045 2354 etiam
1059 2291 1166 2373 ipsum
1181 2312 1260 2374 quo·

165 2412 226 2472 que
242 2392 418 2470 Pastorem,
434 2393 533 2457 latere
555 2400 650 2477 atque
666 2415 766 2457 cornu
784 2394 994 2476 impetentes:
1017 2394 1130 2456 Nolite
1145 2393 1260 2469 dicere,
1337 2431 1340 2437 ·

165 2493 238 2556 Noa
252 2501 298 2557 eat
314 2495 391 2558 boae
399 2494 501 2576 samo,
518 2517 610 2578 qaam
624 2517 679 2578 eqo
694 2497 787 2558 audio
803 2497 840 2558 de
854 2495 959 2557 votur
968 2524 979 2570 ;
1001 2496 1102 2559 nolite
1118 2495 1163 2558 sic
1172 2522 1181 2573 3
1205 2495 1262 2557 sed

166 2598 326 2675 attendite,
343 2620 459 2681 quaese,
475 2607 513 2661 ut
529 2601 705 2663 coerceatis.
752 2601 794 2662 In
808 2600 949 2662 universo
964 2599 1025 2662 hoe
1037 2618 1131 2680 yreye
1145 2605 1261 2676 vestro,

166 2707 242 2761 sunt
270 2722 365 2783 porro
394 2702 509 2785 aliquae
541 2703 617 2784 (non
648 2703 760 2766 multae
792 2703 931 2786 quidem,
963 2702 1019 2765 sed
1048 2708 1123 2764 sunt
1152 2709 1261 2765 tamen

166 2802 289 2886 aliquae)
308 2805 414 2883 mites,
429 2814 571 2884 moratae,
588 2807 840 2871 condocefaetae:
864 2806 976 2869 Nolite
992 2806 1107 2883 dicere,
1124 2805 1161 2867 st
1179 2805 1263 2868 boue

165 2913 246 2985 auat,
272 2908 332 2970 sibi
356 2915 448 2982 aaran
472 2910 527 2973 sed
550 2913 709 2990 attendite,
734 2932 850 2995 quaeso,
873 2918 912 2974 ut
935 2910 1139 2974 consolidetis.
1184 2911 1263 2973 Non

165 3010 276 3073 multae
290 3011 377 3073 enim
393 3019 469 3076 suut
484 3014 545 3093 hae,
562 3015 618 3078 sed
632 3015 736 3078 multo
755 3024 865 3078 tamen
879 3015 1043 3098 pauciores
1057 3014 1184 3092 futurae,
1199 3013 1263 3076 nisi

165 3133 222 3194 per
239 3135 295 3176 vos
309 3114 419 3178 mitius
442 3137 516 3179 cum
531 3117 582 3195 iis,
598 3125 631 3180 et
645 3118 808 3181 remissius
824 3125 945 3200 agatur.
991 3117 1063 3180 Nec
1079 3117 1165 3180 enim
1181 3117 1259 3180 ulla·

165 3234 238 3281 rum
254 3216 323 3298 jam
346 3218 483 3282 deterior
504 3218 655 3299 conditio,
672 3242 768 3303 quam
789 3221 902 3284 harum
911 3247 921 3298 3
945 3241 1081 3302 quarum
1097 3219 1171 3302 quia
1184 3220 1263 3283 levis

166 3328 282 3384 natura
311 3328 371 3400 est,
396 3322 511 3386 invitat
539 3323 739 3386 tondentem.
784 3325 828 3387 Et
852 3331 938 3388 certe
963 3333 1001 3388 ut
1026 3325 1094 3408 jam
1117 3331 1264 3407 tempora

167 3430 253 3502 sunt,
269 3424 352 3486 nihil
372 3425 480 3487 minus
500 3426 627 3508 expedit
642 3447 738 3508 quam
762 3434 920 3490 moratam
944 3448 1032 3504 esse,
1055 3427 1136 3489 nihil
1160 3427 1263 3508 magis

168 3547 263 3608 quam
279 3547 457 3590 morosam:
477 3527 619 3590 'Morosis
634 3528 721 3590 enim
736 3528 801 3591 illis
814 3529 955 3611 parcitur
963 3554 972 3606 3
995 3550 1092 3592 nemo
1105 3529 1187 3592 uber
1200 3529 1263 3592 illis

166 3636 314 3708 tractare,
330 3651 426 3694 nemo
447 3631 548 3694 vellus
569 3631 744 3714 attingere:
773 3638 805 3694 et
824 3631 955 3694 misellis
977 3633 1048 3694 istis
1070 3633 1265 3696 incumbunt

167 3753 319 3811 censurae,
334 3733 528 3796 incumbunt
550 3733 724 3798 solutiones
746 3755 875 3811 omnes3
899 3735 995 3798 toties
1017 3736 1081 3799 huc
1101 3736 1142 3798 ad
1164 3737 1264 3800 mulc-

167 3843 252 3899 tram
273 3835 417 3915 veniunt,
433 3843 471 3898 ut
488 3838 557 3920 jam
580 3838 709 3919 sanguis
731 3839 936 3921 exprimatur,
955 3859 1023 3902 non
1043 3839 1111 3915 lac;
1136 3840 1265 3922 sanguis

168 3945 263 4002 certe.
288 3939 413 4002 Parcite
427 3960 502 4002 vero
516 3940 567 4002 his
581 3941 704 4023 (Patres
713 3943 741 4026 3)
755 3949 911 4024 quantum
920 3941 1061 4024 potestis,
1067 3943 1193 4023 parcite
1204 3943 1264 4021 his,

168 4042 238 4104 illas
253 4043 401 4120 reducite,
418 4042 495 4106 alias
511 4045 648 4126 altiqate,
664 4043 742 4107 alias
758 4051 902 4122 coercete,
918 4045 1070 4107 automata
1084 4034 1244 4109 attendite.

212 4146 307 4209 Addo
328 4167 431 4208 unum
455 4146 562 4224 modo,
582 4168 643 4210 nec
661 4169 717 4210 vos
742 4147 803 4211 hae
826 4149 862 4210 in
884 4155 975 4230 parte
995 4147 1116 4212 diutius
1137 4150 1264 4213 tenebo.

169 4250 332 4312 Attendite
358 4250 473 4330 Greci.-
502 4250 671 4332 quodnisi
693 4271 746 4314 voa
768 4253 868 4333 θηρὶ,
891 4272 972 4334 qree
996 4253 1082 4316 vobis
1106 4253 1264 4316 attendet.-

171 4355 292 4416 Praeter
317 4358 467 4414 naturam
489 4352 554 4416 'hoc
584 4353 723 4436 quidem,
750 4361 783 4417 et
811 4355 946 4417 monstri
974 4355 1076 4419 simile
1106 4363 1163 4434 est,
1187 4376 1268 4438 qreoe

234 4445 528 4533 mensnram.
542 4469 574 4533 4.]
926 4472 1045 4525 meam.
1058 4474 1084 4524 u.
1097 4474 1136 4525 ar.
1237 4486 1244 4501 =
