<?xml version="1.0" encoding="UTF-8"?>
<!DOCTYPE html PUBLIC "-//W3C//DTD XHTML 1.0 Transitional//EN"
    "http://www.w3.org/TR/xhtml1/DTD/xhtml1-transitional.dtd">
<html xmlns="http://www.w3.org/1999/xhtml" xml:lang="en" lang="en">
 <head>
  <title>
</title>
<meta http-equiv="Content-Type" content="text/html;charset=utf-8" />
  <meta name='ocr-system' content='tesseract 3.04.00' />
  <meta name='ocr-capabilities' content='ocr_page ocr_carea ocr_par ocr_line ocrx_word'/>
</head>
<body>
  <div class='ocr_page' id='page_1' title='image "./opusculaquaedam00andrgoog/opusculaquaedam00andrgoog_0203.png"; bbox 0 0 2970 4914; ppageno 0'>
   <div class='ocr_carea' id='block_1_1' title="bbox 249 263 1133 327">
    <p class='ocr_par' dir='ltr' id='par_1_1' title="bbox 249 263 1133 327">
     <span class='ocr_line' id='line_1_1' title="bbox 249 263 1133 327; baseline 0.002 -2"><span class='ocrx_word' id='word_1_1' title='bbox 249 263 312 325; x_wconf 85' lang='lat'><strong>188</strong></span> <span class='ocrx_word' id='word_1_2' title='bbox 452 278 622 326; x_wconf 81' lang='lat' dir='ltr'><strong>nrsrousro</strong></span> <span class='ocrx_word' id='word_1_3' title='bbox 644 278 687 326; x_wconf 80' lang='lat' dir='ltr'><strong>sn</strong></span> <span class='ocrx_word' id='word_1_4' title='bbox 708 278 804 326; x_wconf 79' lang='lat' dir='ltr'><strong>mrsu</strong></span> <span class='ocrx_word' id='word_1_5' title='bbox 821 279 843 325; x_wconf 91' lang='lat'><strong>1.</strong></span> <span class='ocrx_word' id='word_1_6' title='bbox 866 279 958 327; x_wconf 78' lang='lat' dir='ltr'><strong>rursu</strong></span> <span class='ocrx_word' id='word_1_7' title='bbox 979 278 1133 327; x_wconf 78' lang='lat' dir='ltr'><strong>nonium.</strong></span> 
     </span>
    </p>
   </div>
   <div class='ocr_carea' id='block_1_2' title="bbox 129 431 1346 518">
    <p class='ocr_par' dir='ltr' id='par_1_2' title="bbox 129 431 1346 518">
     <span class='ocr_line' id='line_1_2' title="bbox 129 431 1346 518; baseline 0.004 -25"><span class='ocrx_word' id='word_1_8' title='bbox 129 505 133 511; x_wconf 20' lang='lat'>³</span> <span class='ocrx_word' id='word_1_9' title='bbox 177 444 180 449; x_wconf 80' lang='grc'><em>’</em></span> <span class='ocrx_word' id='word_1_10' title='bbox 247 432 425 514; x_wconf 78' lang='lat' dir='ltr'><strong>deputatos</strong></span> <span class='ocrx_word' id='word_1_11' title='bbox 450 433 574 495; x_wconf 83' lang='lat' dir='ltr'><strong>·Erant</strong></span> <span class='ocrx_word' id='word_1_12' title='bbox 590 432 676 496; x_wconf 88' lang='lat' dir='ltr'><strong>enim</strong></span> <span class='ocrx_word' id='word_1_13' title='bbox 691 432 732 496; x_wconf 87' lang='lat' dir='ltr'><strong>ab</strong></span> <span class='ocrx_word' id='word_1_14' title='bbox 754 433 849 496; x_wconf 93' lang='lat' dir='ltr'><strong>initio</strong></span> <span class='ocrx_word' id='word_1_15' title='bbox 871 433 962 515; x_wconf 85' lang='lat' dir='ltr'><strong>quasi</strong></span> <span class='ocrx_word' id='word_1_16' title='bbox 983 433 1016 496; x_wconf 89' lang='lat' dir='ltr'><strong>in</strong></span> <span class='ocrx_word' id='word_1_17' title='bbox 1035 431 1166 514; x_wconf 81' lang='lat' dir='ltr'><strong>familie</strong></span> <span class='ocrx_word' id='word_1_18' title='bbox 1181 434 1346 518; x_wconf 79' lang='lat' dir='ltr'>Episcopi,</span> 
     </span>
    </p>
   </div>
   <div class='ocr_carea' id='block_1_3' title="bbox 240 533 1348 3580">
    <p class='ocr_par' dir='ltr' id='par_1_3' title="bbox 246 533 1348 699">
     <span class='ocr_line' id='line_1_3' title="bbox 246 533 1348 620; baseline 0.004 -25"><span class='ocrx_word' id='word_1_19' title='bbox 246 540 279 595; x_wconf 90' lang='lat' dir='ltr'><strong>et</strong></span> <span class='ocrx_word' id='word_1_20' title='bbox 305 533 454 596; x_wconf 84' lang='lat' dir='ltr'>vivebant</span> <span class='ocrx_word' id='word_1_21' title='bbox 481 534 632 616; x_wconf 89' lang='lat' dir='ltr'><strong>sportulis</strong></span> <span class='ocrx_word' id='word_1_22' title='bbox 652 534 712 616; x_wconf 88' lang='lat' dir='ltr'><strong>(uti</strong></span> <span class='ocrx_word' id='word_1_23' title='bbox 740 535 811 618; x_wconf 87' lang='lat' dir='ltr'><strong>scis)</strong></span> <span class='ocrx_word' id='word_1_24' title='bbox 832 542 907 598; x_wconf 90' lang='lat' dir='ltr'><strong>ante</strong></span> <span class='ocrx_word' id='word_1_25' title='bbox 931 543 1004 617; x_wconf 91' lang='lat' dir='ltr'><strong>post</strong></span> <span class='ocrx_word' id='word_1_26' title='bbox 1030 541 1141 598; x_wconf 87' lang='lat' dir='ltr'><strong>natam</strong></span> <span class='ocrx_word' id='word_1_27' title='bbox 1166 560 1348 620; x_wconf 82' lang='grc' dir='ltr'>παροικιων</span> 
     </span>
     <span class='ocr_line' id='line_1_4' title="bbox 246 622 544 699; baseline 0.003 -3"><span class='ocrx_word' id='word_1_28' title='bbox 246 635 501 699; x_wconf 83' lang='lat' dir='ltr'><strong>distinctionem.</strong></span> <span class='ocrx_word' id='word_1_29' title='bbox 534 622 544 635; x_wconf 74' lang='grc'><strong>’</strong></span> 
     </span>
    </p>

    <p class='ocr_par' dir='ltr' id='par_1_4' title="bbox 246 739 1346 924">
     <span class='ocr_line' id='line_1_5' title="bbox 294 739 1346 822; baseline 0.005 -23"><span class='ocrx_word' id='word_1_30' title='bbox 294 739 474 800; x_wconf 83' lang='lat' dir='ltr'><strong>Vocatiom‘s</strong></span> <span class='ocrx_word' id='word_1_31' title='bbox 496 743 606 802; x_wconf 89' lang='lat' dir='ltr'><strong>autem</strong></span> <span class='ocrx_word' id='word_1_32' title='bbox 623 739 699 821; x_wconf 92' lang='lat' dir='ltr'><strong>(quo</strong></span> <span class='ocrx_word' id='word_1_33' title='bbox 713 744 752 800; x_wconf 90' lang='lat' dir='ltr'><strong>tu</strong></span> <span class='ocrx_word' id='word_1_34' title='bbox 766 759 862 801; x_wconf 88' lang='lat' dir='ltr'><strong>sensu</strong></span> <span class='ocrx_word' id='word_1_35' title='bbox 876 740 1023 821; x_wconf 77' lang='lat' dir='ltr'>usurpas)</span> <span class='ocrx_word' id='word_1_36' title='bbox 1042 759 1132 821; x_wconf 90' lang='lat' dir='ltr'><strong>aeque</strong></span> <span class='ocrx_word' id='word_1_37' title='bbox 1145 739 1257 822; x_wconf 88' lang='lat' dir='ltr'><strong>ignota</strong></span> <span class='ocrx_word' id='word_1_38' title='bbox 1271 761 1346 804; x_wconf 85' lang='lat' dir='ltr'><strong>vox.</strong></span> 
     </span>
     <span class='ocr_line' id='line_1_6' title="bbox 246 840 1207 924; baseline 0.001 -21"><span class='ocrx_word' id='word_1_39' title='bbox 246 842 309 904; x_wconf 88' lang='lat' dir='ltr'><strong>Pro</strong></span> <span class='ocrx_word' id='word_1_40' title='bbox 325 862 397 924; x_wconf 88' lang='lat' dir='ltr'><strong>qua,</strong></span> <span class='ocrx_word' id='word_1_41' title='bbox 413 841 582 904; x_wconf 78' lang='lat' dir='ltr'><strong>ordinandi</strong></span> <span class='ocrx_word' id='word_1_42' title='bbox 597 848 653 904; x_wconf 91' lang='lat' dir='ltr'><strong>aut</strong></span> <span class='ocrx_word' id='word_1_43' title='bbox 668 842 877 904; x_wconf 78' lang='lat' dir='ltr'><strong>constituendi</strong></span> <span class='ocrx_word' id='word_1_44' title='bbox 891 863 984 905; x_wconf 89' lang='lat' dir='ltr'><strong>voces</strong></span> <span class='ocrx_word' id='word_1_45' title='bbox 999 840 1207 905; x_wconf 85' lang='lat' dir='ltr'><strong>adhibebant.</strong></span> 
     </span>
    </p>

    <p class='ocr_par' dir='ltr' id='par_1_5' title="bbox 242 943 1346 2562">
     <span class='ocr_line' id='line_1_7' title="bbox 289 943 1346 1026; baseline 0.003 -20"><span class='ocrx_word' id='word_1_46' title='bbox 289 945 338 1006; x_wconf 93' lang='lat' dir='ltr'><strong>Ac</strong></span> <span class='ocrx_word' id='word_1_47' title='bbox 361 943 505 1026; x_wconf 88' lang='lat' dir='ltr'><strong>ejusdem</strong></span> <span class='ocrx_word' id='word_1_48' title='bbox 528 950 614 1006; x_wconf 89' lang='lat' dir='ltr'><strong>uotae</strong></span> <span class='ocrx_word' id='word_1_49' title='bbox 637 964 757 1008; x_wconf 89' lang='lat' dir='ltr'><strong>nomen</strong></span> <span class='ocrx_word' id='word_1_50' title='bbox 778 944 884 1026; x_wconf 89' lang='lat' dir='ltr'><strong>ipsum</strong></span> <span class='ocrx_word' id='word_1_51' title='bbox 907 945 1073 1016; x_wconf 79' lang='lat' dir='ltr'><strong>Ministri;</strong></span> <span class='ocrx_word' id='word_1_52' title='bbox 1098 943 1185 1026; x_wconf 92' lang='lat' dir='ltr'><strong>quod</strong></span> <span class='ocrx_word' id='word_1_53' title='bbox 1206 945 1264 1023; x_wconf 93' lang='lat' dir='ltr'><strong>illi,</strong></span> <span class='ocrx_word' id='word_1_54' title='bbox 1281 946 1346 1009; x_wconf 92' lang='lat' dir='ltr'><strong>nisi</strong></span> 
     </span>
     <span class='ocr_line' id='line_1_8' title="bbox 246 1044 1344 1131; baseline 0 -21"><span class='ocrx_word' id='word_1_55' title='bbox 246 1049 285 1110; x_wconf 92' lang='lat' dir='ltr'><strong>de</strong></span> <span class='ocrx_word' id='word_1_56' title='bbox 300 1049 441 1111; x_wconf 81' lang='lat' dir='ltr'><strong>Diacono</strong></span> <span class='ocrx_word' id='word_1_57' title='bbox 463 1069 530 1112; x_wconf 91' lang='lat' dir='ltr'><strong>non</strong></span> <span class='ocrx_word' id='word_1_58' title='bbox 551 1047 781 1131; x_wconf 85' lang='lat' dir='ltr'><strong>intelligerent,</strong></span> <span class='ocrx_word' id='word_1_59' title='bbox 804 1054 843 1110; x_wconf 93' lang='lat' dir='ltr'><strong>ut</strong></span> <span class='ocrx_word' id='word_1_60' title='bbox 864 1053 913 1110; x_wconf 89' lang='lat' dir='ltr'><strong>est</strong></span> <span class='ocrx_word' id='word_1_61' title='bbox 936 1069 974 1110; x_wconf 90' lang='lat' dir='ltr'><strong>ea</strong></span> <span class='ocrx_word' id='word_1_62' title='bbox 996 1069 1034 1110; x_wconf 85' lang='lat' dir='ltr'><strong>ex</strong></span> <span class='ocrx_word' id='word_1_63' title='bbox 1053 1048 1167 1111; x_wconf 86' lang='lat' dir='ltr'><strong>Graeco</strong></span> <span class='ocrx_word' id='word_1_64' title='bbox 1188 1044 1344 1127; x_wconf 81' lang='grc' dir='ltr'>διάκονος,</span> 
     </span>
     <span class='ocr_line' id='line_1_9' title="bbox 244 1136 1344 1233; baseline 0.002 -21"><span class='ocrx_word' id='word_1_65' title='bbox 244 1136 304 1213; x_wconf 74' lang='lat' dir='ltr'><strong>nec</strong></span> <span class='ocrx_word' id='word_1_66' title='bbox 327 1149 456 1213; x_wconf 86' lang='lat' dir='ltr'><strong>aliunde</strong></span> <span class='ocrx_word' id='word_1_67' title='bbox 475 1151 585 1233; x_wconf 88' lang='lat' dir='ltr'><strong>petita,</strong></span> <span class='ocrx_word' id='word_1_68' title='bbox 601 1171 671 1213; x_wconf 87' lang='lat' dir='ltr'><strong>vox.</strong></span> <span class='ocrx_word' id='word_1_69' title='bbox 719 1149 783 1213; x_wconf 83' lang='lat' dir='ltr'><strong>Sed</strong></span> <span class='ocrx_word' id='word_1_70' title='bbox 797 1149 944 1233; x_wconf 91' lang='lat' dir='ltr'><strong>ignoscat</strong></span> <span class='ocrx_word' id='word_1_71' title='bbox 959 1149 1020 1213; x_wconf 93' lang='lat' dir='ltr'><strong>tibi</strong></span> <span class='ocrx_word' id='word_1_72' title='bbox 1035 1149 1105 1231; x_wconf 90' lang='lat' dir='ltr'><strong>quis</strong></span> <span class='ocrx_word' id='word_1_73' title='bbox 1114 1174 1124 1226; x_wconf 80' lang='lat'>3</span> <span class='ocrx_word' id='word_1_74' title='bbox 1145 1149 1344 1231; x_wconf 91' lang='lat' dir='ltr'><strong>loquendum</strong></span> 
     </span>
     <span class='ocr_line' id='line_1_10' title="bbox 244 1251 1345 1334; baseline 0 -20"><span class='ocrx_word' id='word_1_75' title='bbox 244 1252 305 1316; x_wconf 92' lang='lat' dir='ltr'><strong>tibi</strong></span> <span class='ocrx_word' id='word_1_76' title='bbox 320 1273 359 1316; x_wconf 83' lang='lat' dir='ltr'><strong>ex</strong></span> <span class='ocrx_word' id='word_1_77' title='bbox 373 1252 524 1316; x_wconf 84' lang='lat' dir='ltr'><strong>idiomate</strong></span> <span class='ocrx_word' id='word_1_78' title='bbox 538 1252 690 1317; x_wconf 86' lang='lat' dir='ltr'><strong>Ecclesiae</strong></span> <span class='ocrx_word' id='word_1_79' title='bbox 704 1259 829 1327; x_wconf 86' lang='lat' dir='ltr'><strong>vestrae,</strong></span> <span class='ocrx_word' id='word_1_80' title='bbox 846 1272 917 1334; x_wconf 88' lang='lat' dir='ltr'><strong>quae</strong></span> <span class='ocrx_word' id='word_1_81' title='bbox 928 1252 1101 1332; x_wconf 82' lang='lat' dir='ltr'><strong>Episcopos</strong></span> <span class='ocrx_word' id='word_1_82' title='bbox 1114 1251 1231 1328; x_wconf 90' lang='lat' dir='ltr'><strong>nullos,</strong></span> <span class='ocrx_word' id='word_1_83' title='bbox 1247 1253 1345 1314; x_wconf 83' lang='lat' dir='ltr'><strong>Pres-</strong></span> 
     </span>
     <span class='ocr_line' id='line_1_11' title="bbox 245 1353 1346 1438; baseline 0 -22"><span class='ocrx_word' id='word_1_84' title='bbox 245 1355 368 1435; x_wconf 79' lang='lat' dir='ltr'><strong>byteros</strong></span> <span class='ocrx_word' id='word_1_85' title='bbox 393 1355 481 1433; x_wconf 87' lang='lat' dir='ltr'><strong>alios,</strong></span> <span class='ocrx_word' id='word_1_86' title='bbox 507 1355 647 1438; x_wconf 88' lang='lat' dir='ltr'><strong>aliosque</strong></span> <span class='ocrx_word' id='word_1_87' title='bbox 672 1355 840 1431; x_wconf 80' lang='lat' dir='ltr'><strong>Diaconos,</strong></span> <span class='ocrx_word' id='word_1_88' title='bbox 864 1353 947 1416; x_wconf 91' lang='lat' dir='ltr'><strong>addo</strong></span> <span class='ocrx_word' id='word_1_89' title='bbox 974 1360 1007 1415; x_wconf 85' lang='lat' dir='ltr'><strong>et</strong></span> <span class='ocrx_word' id='word_1_90' title='bbox 1033 1353 1129 1415; x_wconf 87' lang='lat' dir='ltr'><strong>aliam</strong></span> <span class='ocrx_word' id='word_1_91' title='bbox 1154 1354 1346 1416; x_wconf 70' lang='lat' dir='ltr'><strong>vocationem</strong></span> 
     </span>
     <span class='ocr_line' id='line_1_12' title="bbox 244 1455 1344 1539; baseline 0 -21"><span class='ocrx_word' id='word_1_92' title='bbox 244 1456 352 1533; x_wconf 89' lang='lat' dir='ltr'><strong>habet,</strong></span> <span class='ocrx_word' id='word_1_93' title='bbox 375 1478 472 1538; x_wconf 92' lang='lat' dir='ltr'><strong>quam</strong></span> <span class='ocrx_word' id='word_1_94' title='bbox 495 1479 573 1539; x_wconf 90' lang='lat' dir='ltr'><strong>quos</strong></span> <span class='ocrx_word' id='word_1_95' title='bbox 596 1457 700 1539; x_wconf 88' lang='lat' dir='ltr'><strong>prisca</strong></span> <span class='ocrx_word' id='word_1_96' title='bbox 722 1456 799 1519; x_wconf 92' lang='lat' dir='ltr'><strong>olim</strong></span> <span class='ocrx_word' id='word_1_97' title='bbox 820 1455 950 1538; x_wconf 89' lang='lat' dir='ltr'><strong>agnovit</strong></span> <span class='ocrx_word' id='word_1_98' title='bbox 973 1455 1125 1517; x_wconf 82' lang='lat' dir='ltr'><strong>Ecclesia.</strong></span> <span class='ocrx_word' id='word_1_99' title='bbox 1170 1455 1252 1537; x_wconf 87' lang='lat' dir='ltr'><strong>Ego,</strong></span> <span class='ocrx_word' id='word_1_100' title='bbox 1268 1475 1344 1518; x_wconf 92' lang='lat' dir='ltr'><strong>cum</strong></span> 
     </span>
     <span class='ocr_line' id='line_1_13' title="bbox 244 1556 1345 1641; baseline 0.002 -22"><span class='ocrx_word' id='word_1_101' title='bbox 244 1557 395 1620; x_wconf 81' lang='lat' dir='ltr'><strong>Eeclesiis</strong></span> <span class='ocrx_word' id='word_1_102' title='bbox 414 1558 539 1637; x_wconf 89' lang='lat' dir='ltr'><strong>vestris,</strong></span> <span class='ocrx_word' id='word_1_103' title='bbox 563 1558 776 1641; x_wconf 91' lang='lat' dir='ltr'><strong>omnibusque</strong></span> <span class='ocrx_word' id='word_1_104' title='bbox 800 1557 880 1620; x_wconf 89' lang='lat' dir='ltr'><strong>adeo</strong></span> <span class='ocrx_word' id='word_1_105' title='bbox 904 1556 1094 1634; x_wconf 87' lang='lat' dir='ltr'><strong>reformatis,</strong></span> <span class='ocrx_word' id='word_1_106' title='bbox 1120 1556 1345 1621; x_wconf 82' lang='lat' dir='ltr'><strong>honestissime</strong></span> 
     </span>
     <span class='ocr_line' id='line_1_14' title="bbox 245 1658 1345 1743; baseline 0 -21"><span class='ocrx_word' id='word_1_107' title='bbox 245 1659 349 1741; x_wconf 92' lang='lat' dir='ltr'><strong>cupio,</strong></span> <span class='ocrx_word' id='word_1_108' title='bbox 365 1658 398 1723; x_wconf 91' lang='lat' dir='ltr'><strong>id</strong></span> <span class='ocrx_word' id='word_1_109' title='bbox 414 1660 507 1743; x_wconf 90' lang='lat' dir='ltr'><strong>cupio</strong></span> <span class='ocrx_word' id='word_1_110' title='bbox 516 1686 526 1738; x_wconf 84' lang='lat'>3</span> <span class='ocrx_word' id='word_1_111' title='bbox 550 1667 665 1723; x_wconf 88' lang='lat' dir='ltr'><strong>caetera</strong></span> <span class='ocrx_word' id='word_1_112' title='bbox 678 1670 716 1722; x_wconf 87' lang='lat' dir='ltr'><strong>ut</strong></span> <span class='ocrx_word' id='word_1_113' title='bbox 730 1659 820 1723; x_wconf 88' lang='lat' dir='ltr'><strong>vobis</strong></span> <span class='ocrx_word' id='word_1_114' title='bbox 844 1665 993 1722; x_wconf 92' lang='lat' dir='ltr'><strong>constent</strong></span> <span class='ocrx_word' id='word_1_115' title='bbox 1013 1658 1088 1721; x_wconf 90' lang='lat' dir='ltr'><strong>fidei</strong></span> <span class='ocrx_word' id='word_1_116' title='bbox 1110 1658 1234 1739; x_wconf 82' lang='lat' dir='ltr'><strong>eapita3</strong></span> <span class='ocrx_word' id='word_1_117' title='bbox 1258 1665 1292 1720; x_wconf 89' lang='lat' dir='ltr'><strong>at</strong></span> <span class='ocrx_word' id='word_1_118' title='bbox 1306 1667 1345 1722; x_wconf 92' lang='lat' dir='ltr'><strong>ut</strong></span> 
     </span>
     <span class='ocr_line' id='line_1_15' title="bbox 243 1761 1345 1846; baseline 0.001 -23"><span class='ocrx_word' id='word_1_119' title='bbox 243 1762 388 1844; x_wconf 90' lang='lat' dir='ltr'><strong>regimen</strong></span> <span class='ocrx_word' id='word_1_120' title='bbox 412 1762 621 1846; x_wconf 90' lang='lat' dir='ltr'><strong>ordinemque</strong></span> <span class='ocrx_word' id='word_1_121' title='bbox 644 1784 711 1827; x_wconf 91' lang='lat' dir='ltr'><strong>non</strong></span> <span class='ocrx_word' id='word_1_122' title='bbox 735 1763 844 1841; x_wconf 85' lang='lat' dir='ltr'><strong>alium,</strong></span> <span class='ocrx_word' id='word_1_123' title='bbox 862 1783 958 1845; x_wconf 88' lang='lat' dir='ltr'><strong>quam</strong></span> <span class='ocrx_word' id='word_1_124' title='bbox 982 1782 1077 1845; x_wconf 92' lang='lat' dir='ltr'><strong>quem</strong></span> <span class='ocrx_word' id='word_1_125' title='bbox 1095 1761 1189 1823; x_wconf 89' lang='lat' dir='ltr'><strong>nobis</strong></span> <span class='ocrx_word' id='word_1_126' title='bbox 1207 1761 1345 1843; x_wconf 90' lang='lat' dir='ltr'><strong>largitus</strong></span> 
     </span>
     <span class='ocr_line' id='line_1_16' title="bbox 244 1862 1345 1947; baseline 0.001 -22"><span class='ocrx_word' id='word_1_127' title='bbox 244 1871 293 1925; x_wconf 89' lang='lat' dir='ltr'><strong>est</strong></span> <span class='ocrx_word' id='word_1_128' title='bbox 308 1865 406 1942; x_wconf 89' lang='lat' dir='ltr'><strong>Deus,</strong></span> <span class='ocrx_word' id='word_1_129' title='bbox 423 1865 512 1928; x_wconf 91' lang='lat' dir='ltr'><strong>vobis</strong></span> <span class='ocrx_word' id='word_1_130' title='bbox 528 1885 655 1947; x_wconf 90' lang='lat' dir='ltr'><strong>quoque</strong></span> <span class='ocrx_word' id='word_1_131' title='bbox 665 1864 842 1947; x_wconf 83' lang='lat' dir='ltr'><strong>largiatur:</strong></span> <span class='ocrx_word' id='word_1_132' title='bbox 866 1884 983 1946; x_wconf 90' lang='lat' dir='ltr'><strong>nempe</strong></span> <span class='ocrx_word' id='word_1_133' title='bbox 997 1862 1234 1943; x_wconf 75' lang='lat' dir='ltr'><strong>Episcoporum,</strong></span> <span class='ocrx_word' id='word_1_134' title='bbox 1247 1864 1345 1926; x_wconf 84' lang='lat' dir='ltr'><strong>Pres-</strong></span> 
     </span>
     <span class='ocr_line' id='line_1_17' title="bbox 244 1965 1344 2048; baseline 0.002 -21"><span class='ocrx_word' id='word_1_135' title='bbox 244 1966 430 2046; x_wconf 76' lang='lat' dir='ltr'><strong>byteroram,</strong></span> <span class='ocrx_word' id='word_1_136' title='bbox 456 1967 677 2044; x_wconf 81' lang='lat' dir='ltr'><strong>Diacoaoram,</strong></span> <span class='ocrx_word' id='word_1_137' title='bbox 702 1966 812 2048; x_wconf 88' lang='lat' dir='ltr'><strong>quales</strong></span> <span class='ocrx_word' id='word_1_138' title='bbox 838 1966 873 2028; x_wconf 91' lang='lat' dir='ltr'><strong>in</strong></span> <span class='ocrx_word' id='word_1_139' title='bbox 898 1966 1045 2028; x_wconf 86' lang='lat' dir='ltr'><strong>Historia</strong></span> <span class='ocrx_word' id='word_1_140' title='bbox 1070 1965 1232 2043; x_wconf 82' lang='lat' dir='ltr'><strong>Ecclesiae,</strong></span> <span class='ocrx_word' id='word_1_141' title='bbox 1257 1967 1344 2048; x_wconf 90' lang='lat' dir='ltr'><strong>apud</strong></span> 
     </span>
     <span class='ocr_line' id='line_1_18' title="bbox 246 2067 1344 2152; baseline 0.001 -22"><span class='ocrx_word' id='word_1_142' title='bbox 246 2069 401 2151; x_wconf 73' lang='lat' dir='ltr'><strong>SynodoS,</strong></span> <span class='ocrx_word' id='word_1_143' title='bbox 418 2068 504 2151; x_wconf 87' lang='lat' dir='ltr'><strong>apud</strong></span> <span class='ocrx_word' id='word_1_144' title='bbox 527 2068 675 2152; x_wconf 90' lang='lat' dir='ltr'><strong>antiquos</strong></span> <span class='ocrx_word' id='word_1_145' title='bbox 700 2070 831 2132; x_wconf 88' lang='lat' dir='ltr'><strong>Patres:</strong></span> <span class='ocrx_word' id='word_1_146' title='bbox 855 2069 981 2152; x_wconf 89' lang='lat' dir='ltr'><strong>quibus,</strong></span> <span class='ocrx_word' id='word_1_147' title='bbox 999 2073 1055 2130; x_wconf 88' lang='lat' dir='ltr'><strong>aut</strong></span> <span class='ocrx_word' id='word_1_148' title='bbox 1070 2067 1162 2130; x_wconf 86' lang='lat' dir='ltr'><strong>valde</strong></span> <span class='ocrx_word' id='word_1_149' title='bbox 1184 2087 1236 2129; x_wconf 91' lang='lat' dir='ltr'><strong>me</strong></span> <span class='ocrx_word' id='word_1_150' title='bbox 1258 2067 1344 2131; x_wconf 85' lang='lat' dir='ltr'><strong>fallit</strong></span> 
     </span>
     <span class='ocr_line' id='line_1_19' title="bbox 243 2168 1342 2255; baseline 0.001 -23"><span class='ocrx_word' id='word_1_151' title='bbox 243 2168 409 2254; x_wconf 81' lang='grc' dir='ltr'><strong>φιλαυτία,</strong></span> <span class='ocrx_word' id='word_1_152' title='bbox 439 2177 496 2234; x_wconf 91' lang='lat' dir='ltr'><strong>aut</strong></span> <span class='ocrx_word' id='word_1_153' title='bbox 525 2171 629 2234; x_wconf 87' lang='lat' dir='ltr'><strong>nostri</strong></span> <span class='ocrx_word' id='word_1_154' title='bbox 660 2193 757 2255; x_wconf 90' lang='lat' dir='ltr'><strong>quam</strong></span> <span class='ocrx_word' id='word_1_155' title='bbox 788 2169 962 2234; x_wconf 89' lang='lat' dir='ltr'><strong>simillimi:</strong></span> <span class='ocrx_word' id='word_1_156' title='bbox 1001 2169 1114 2232; x_wconf 89' lang='lat' dir='ltr'><strong>ordine</strong></span> <span class='ocrx_word' id='word_1_157' title='bbox 1148 2169 1246 2251; x_wconf 90' lang='lat' dir='ltr'><strong>(dico)</strong></span> <span class='ocrx_word' id='word_1_158' title='bbox 1275 2191 1342 2234; x_wconf 92' lang='lat' dir='ltr'><strong>non</strong></span> 
     </span>
     <span class='ocr_line' id='line_1_20' title="bbox 243 2271 1342 2356; baseline 0 -19"><span class='ocrx_word' id='word_1_159' title='bbox 243 2273 368 2350; x_wconf 90' lang='lat' dir='ltr'><strong>merito,</strong></span> <span class='ocrx_word' id='word_1_160' title='bbox 390 2273 447 2337; x_wconf 91' lang='lat' dir='ltr'><strong>sed</strong></span> <span class='ocrx_word' id='word_1_161' title='bbox 469 2274 604 2352; x_wconf 88' lang='lat' dir='ltr'><strong>utinam,</strong></span> <span class='ocrx_word' id='word_1_162' title='bbox 625 2281 658 2337; x_wconf 91' lang='lat' dir='ltr'><strong>et</strong></span> <span class='ocrx_word' id='word_1_163' title='bbox 677 2274 802 2338; x_wconf 90' lang='lat' dir='ltr'><strong>merito.</strong></span> <span class='ocrx_word' id='word_1_164' title='bbox 848 2275 920 2338; x_wconf 89' lang='lat' dir='ltr'><strong>Nec</strong></span> <span class='ocrx_word' id='word_1_165' title='bbox 934 2273 1034 2336; x_wconf 86' lang='lat' dir='ltr'><strong>ullam</strong></span> <span class='ocrx_word' id='word_1_166' title='bbox 1048 2271 1342 2356; x_wconf 83' lang='lat' dir='ltr'><strong>uspiamEcclesiae</strong></span> 
     </span>
     <span class='ocr_line' id='line_1_21' title="bbox 243 2373 1342 2459; baseline 0.001 -21"><span class='ocrx_word' id='word_1_167' title='bbox 243 2373 412 2439; x_wconf 83' lang='grc' dir='ltr'>πολιτείαν</span> <span class='ocrx_word' id='word_1_168' title='bbox 436 2375 538 2459; x_wconf 86' lang='lat' dir='ltr'><strong>magis</strong></span> <span class='ocrx_word' id='word_1_169' title='bbox 559 2377 600 2439; x_wconf 87' lang='lat' dir='ltr'><strong>ad</strong></span> <span class='ocrx_word' id='word_1_170' title='bbox 622 2382 765 2439; x_wconf 90' lang='lat' dir='ltr'><strong>mentem</strong></span> <span class='ocrx_word' id='word_1_171' title='bbox 787 2375 961 2459; x_wconf 73' lang='lat' dir='ltr'><strong>scripturae,</strong></span> <span class='ocrx_word' id='word_1_172' title='bbox 977 2375 1118 2458; x_wconf 86' lang='lat' dir='ltr'><strong>magisve</strong></span> <span class='ocrx_word' id='word_1_173' title='bbox 1134 2396 1173 2439; x_wconf 87' lang='lat' dir='ltr'><strong>ex</strong></span> <span class='ocrx_word' id='word_1_174' title='bbox 1187 2396 1276 2440; x_wconf 90' lang='lat' dir='ltr'><strong>more</strong></span> <span class='ocrx_word' id='word_1_175' title='bbox 1290 2376 1342 2439; x_wconf 92' lang='lat' dir='ltr'><strong>in·</strong></span> 
     </span>
     <span class='ocr_line' id='line_1_22' title="bbox 242 2478 1281 2562; baseline 0.004 -23"><span class='ocrx_word' id='word_1_176' title='bbox 242 2478 417 2561; x_wconf 88' lang='lat' dir='ltr'><strong>stitutoque</strong></span> <span class='ocrx_word' id='word_1_177' title='bbox 432 2479 549 2542; x_wconf 86' lang='lat' dir='ltr'><strong>veteris</strong></span> <span class='ocrx_word' id='word_1_178' title='bbox 564 2479 726 2556; x_wconf 85' lang='lat' dir='ltr'><strong>Ecclesiae,</strong></span> <span class='ocrx_word' id='word_1_179' title='bbox 743 2500 840 2562; x_wconf 88' lang='lat' dir='ltr'><strong>quam</strong></span> <span class='ocrx_word' id='word_1_180' title='bbox 856 2499 926 2561; x_wconf 87' lang='lat' dir='ltr'><strong>quae</strong></span> <span class='ocrx_word' id='word_1_181' title='bbox 941 2479 1026 2561; x_wconf 89' lang='lat' dir='ltr'><strong>viget</strong></span> <span class='ocrx_word' id='word_1_182' title='bbox 1040 2479 1094 2541; x_wconf 88' lang='lat' dir='ltr'><strong>hie</strong></span> <span class='ocrx_word' id='word_1_183' title='bbox 1110 2478 1195 2560; x_wconf 91' lang='lat' dir='ltr'><strong>apud</strong></span> <span class='ocrx_word' id='word_1_184' title='bbox 1212 2501 1281 2543; x_wconf 91' lang='lat' dir='ltr'><strong>nos.</strong></span> 
     </span>
    </p>

    <p class='ocr_par' dir='ltr' id='par_1_6' title="bbox 240 2579 1342 3580">
     <span class='ocr_line' id='line_1_23' title="bbox 286 2579 1342 2664; baseline 0.003 -22"><span class='ocrx_word' id='word_1_185' title='bbox 286 2581 421 2662; x_wconf 89' lang='lat' dir='ltr'><strong>Depono</strong></span> <span class='ocrx_word' id='word_1_186' title='bbox 436 2582 505 2644; x_wconf 86' lang='lat' dir='ltr'><strong>haec</strong></span> <span class='ocrx_word' id='word_1_187' title='bbox 520 2581 603 2664; x_wconf 89' lang='lat' dir='ltr'><strong>apud</strong></span> <span class='ocrx_word' id='word_1_188' title='bbox 620 2587 663 2659; x_wconf 90' lang='lat' dir='ltr'><strong>te,</strong></span> <span class='ocrx_word' id='word_1_189' title='bbox 676 2588 723 2660; x_wconf 91' lang='lat' dir='ltr'><strong>ut,</strong></span> <span class='ocrx_word' id='word_1_190' title='bbox 737 2580 764 2644; x_wconf 89' lang='lat' dir='ltr'><strong>si</strong></span> <span class='ocrx_word' id='word_1_191' title='bbox 779 2581 892 2664; x_wconf 88' lang='lat' dir='ltr'><strong>placet,</strong></span> <span class='ocrx_word' id='word_1_192' title='bbox 905 2588 1013 2644; x_wconf 92' lang='lat' dir='ltr'><strong>tecum</strong></span> <span class='ocrx_word' id='word_1_193' title='bbox 1029 2579 1104 2642; x_wconf 90' lang='lat' dir='ltr'><strong>sint.</strong></span> <span class='ocrx_word' id='word_1_194' title='bbox 1129 2580 1217 2643; x_wconf 88' lang='lat' dir='ltr'><strong>Scias</strong></span> <span class='ocrx_word' id='word_1_195' title='bbox 1232 2588 1342 2645; x_wconf 91' lang='lat' dir='ltr'><strong>autem</strong></span> 
     </span>
     <span class='ocr_line' id='line_1_24' title="bbox 241 2679 1340 2768; baseline 0.003 -25"><span class='ocrx_word' id='word_1_196' title='bbox 241 2701 303 2759; x_wconf 92' lang='lat' dir='ltr'><strong>me,</strong></span> <span class='ocrx_word' id='word_1_197' title='bbox 317 2680 371 2745; x_wconf 84' lang='grc' dir='ltr'><strong>καὶ</strong></span> <span class='ocrx_word' id='word_1_198' title='bbox 387 2681 423 2744; x_wconf 85' lang='grc' dir='ltr'><strong>ἐκ</strong></span> <span class='ocrx_word' id='word_1_199' title='bbox 436 2680 573 2767; x_wconf 80' lang='grc' dir='ltr'>φύσεως,</span> <span class='ocrx_word' id='word_1_200' title='bbox 591 2680 645 2745; x_wconf 81' lang='grc' dir='ltr'><strong>καὶ</strong></span> <span class='ocrx_word' id='word_1_201' title='bbox 661 2682 698 2745; x_wconf 85' lang='grc' dir='ltr'><strong>ἐκ</strong></span> <span class='ocrx_word' id='word_1_202' title='bbox 712 2679 960 2768; x_wconf 76' lang='grc' dir='ltr'>προαιρέσεως“,</span> <span class='ocrx_word' id='word_1_203' title='bbox 976 2681 1063 2764; x_wconf 87' lang='lat' dir='ltr'><strong>pacis</strong></span> <span class='ocrx_word' id='word_1_204' title='bbox 1078 2702 1204 2764; x_wconf 86' lang='lat' dir='ltr'><strong>semper</strong></span> <span class='ocrx_word' id='word_1_205' title='bbox 1218 2682 1340 2746; x_wconf 89' lang='lat' dir='ltr'><strong>studio-</strong></span> 
     </span>
     <span class='ocr_line' id='line_1_25' title="bbox 242 2785 1339 2868; baseline 0.005 -23"><span class='ocrx_word' id='word_1_206' title='bbox 242 2806 313 2846; x_wconf 89' lang='lat' dir='ltr'><strong>sum</strong></span> <span class='ocrx_word' id='word_1_207' title='bbox 328 2785 437 2849; x_wconf 86' lang='lat' dir='ltr'><strong>fuisse.</strong></span> <span class='ocrx_word' id='word_1_208' title='bbox 483 2786 627 2849; x_wconf 87' lang='lat' dir='ltr'><strong>Postulat</strong></span> <span class='ocrx_word' id='word_1_209' title='bbox 643 2792 752 2849; x_wconf 90' lang='lat' dir='ltr'><strong>autem</strong></span> <span class='ocrx_word' id='word_1_210' title='bbox 766 2786 827 2849; x_wconf 92' lang='lat' dir='ltr'><strong>hoc</strong></span> <span class='ocrx_word' id='word_1_211' title='bbox 842 2793 874 2848; x_wconf 94' lang='lat' dir='ltr'><strong>et</strong></span> <span class='ocrx_word' id='word_1_212' title='bbox 890 2792 967 2848; x_wconf 86' lang='lat' dir='ltr'><strong>aetas</strong></span> <span class='ocrx_word' id='word_1_213' title='bbox 985 2785 1065 2868; x_wconf 89' lang='lat' dir='ltr'><strong>jam,</strong></span> <span class='ocrx_word' id='word_1_214' title='bbox 1082 2785 1135 2848; x_wconf 92' lang='lat' dir='ltr'><strong>cui</strong></span> <span class='ocrx_word' id='word_1_215' title='bbox 1155 2786 1339 2868; x_wconf 89' lang='lat' dir='ltr'><strong>propediem</strong></span> 
     </span>
     <span class='ocr_line' id='line_1_26' title="bbox 242 2887 1340 2972; baseline 0.005 -24"><span class='ocrx_word' id='word_1_216' title='bbox 242 2887 373 2950; x_wconf 85' lang='lat' dir='ltr'><strong>sarcinae</strong></span> <span class='ocrx_word' id='word_1_217' title='bbox 399 2888 608 2970; x_wconf 72' lang='lat' dir='ltr'><strong>colligenda:</strong></span> <span class='ocrx_word' id='word_1_218' title='bbox 640 2887 819 2970; x_wconf 87' lang='lat' dir='ltr'><strong>praesertim</strong></span> <span class='ocrx_word' id='word_1_219' title='bbox 849 2895 957 2950; x_wconf 92' lang='lat' dir='ltr'><strong>autem</strong></span> <span class='ocrx_word' id='word_1_220' title='bbox 987 2887 1047 2950; x_wconf 87' lang='lat' dir='ltr'><strong>sub</strong></span> <span class='ocrx_word' id='word_1_221' title='bbox 1078 2888 1177 2970; x_wconf 87' lang='lat' dir='ltr'><strong>Rege,</strong></span> <span class='ocrx_word' id='word_1_222' title='bbox 1203 2889 1256 2952; x_wconf 92' lang='lat' dir='ltr'><strong>cui</strong></span> <span class='ocrx_word' id='word_1_223' title='bbox 1280 2912 1340 2972; x_wconf 93' lang='lat' dir='ltr'><strong>pro</strong></span> 
     </span>
     <span class='ocr_line' id='line_1_27' title="bbox 242 2987 1340 3070; baseline 0.005 -20"><span class='ocrx_word' id='word_1_224' title='bbox 242 2987 396 3070; x_wconf 83' lang='lat' dir='ltr'><strong>symbolo,</strong></span> <span class='ocrx_word' id='word_1_225' title='bbox 426 2989 604 3052; x_wconf 71' lang='lat' dir='ltr'><strong>servatoris</strong></span> <span class='ocrx_word' id='word_1_226' title='bbox 628 2989 718 3068; x_wconf 90' lang='lat' dir='ltr'><strong>illud,</strong></span> <span class='ocrx_word' id='word_1_227' title='bbox 745 2990 839 3051; x_wconf 83' lang='lat' dir='ltr'><strong>Beati</strong></span> <span class='ocrx_word' id='word_1_228' title='bbox 861 2988 1002 3070; x_wconf 73' lang='lat' dir='ltr'><strong>pamflci.</strong></span> <span class='ocrx_word' id='word_1_229' title='bbox 1047 2991 1118 3053; x_wconf 89' lang='lat' dir='ltr'><strong>Nec</strong></span> <span class='ocrx_word' id='word_1_230' title='bbox 1148 2990 1189 3053; x_wconf 88' lang='lat' dir='ltr'><strong>ad</strong></span> <span class='ocrx_word' id='word_1_231' title='bbox 1213 2991 1340 3056; x_wconf 90' lang='lat' dir='ltr'><strong>tristem</strong></span> 
     </span>
     <span class='ocr_line' id='line_1_28' title="bbox 241 3090 1339 3173; baseline 0.005 -21"><span class='ocrx_word' id='word_1_232' title='bbox 241 3096 365 3170; x_wconf 88' lang='lat' dir='ltr'><strong>partem</strong></span> <span class='ocrx_word' id='word_1_233' title='bbox 380 3112 533 3173; x_wconf 89' lang='lat' dir='ltr'><strong>unquam,</strong></span> <span class='ocrx_word' id='word_1_234' title='bbox 546 3098 602 3154; x_wconf 86' lang='lat' dir='ltr'><strong>aut</strong></span> <span class='ocrx_word' id='word_1_235' title='bbox 618 3090 751 3155; x_wconf 89' lang='lat' dir='ltr'><strong>consilia</strong></span> <span class='ocrx_word' id='word_1_236' title='bbox 766 3111 837 3173; x_wconf 86' lang='lat' dir='ltr'><strong>quae</strong></span> <span class='ocrx_word' id='word_1_237' title='bbox 851 3091 1017 3154; x_wconf 87' lang='lat' dir='ltr'><strong>moderata</strong></span> <span class='ocrx_word' id='word_1_238' title='bbox 1031 3113 1098 3155; x_wconf 91' lang='lat' dir='ltr'><strong>non</strong></span> <span class='ocrx_word' id='word_1_239' title='bbox 1109 3092 1183 3170; x_wconf 90' lang='lat' dir='ltr'><strong>sint,</strong></span> <span class='ocrx_word' id='word_1_240' title='bbox 1196 3113 1339 3157; x_wconf 83' lang='lat' dir='ltr'><strong>accessu-</strong></span> 
     </span>
     <span class='ocr_line' id='line_1_29' title="bbox 240 3179 1340 3277; baseline 0.006 -25"><span class='ocrx_word' id='word_1_241' title='bbox 240 3213 314 3253; x_wconf 87' lang='lat' dir='ltr'><strong>rum</strong></span> <span class='ocrx_word' id='word_1_242' title='bbox 330 3192 481 3274; x_wconf 86' lang='lat' dir='ltr'><strong>spondeo.</strong></span> <span class='ocrx_word' id='word_1_243' title='bbox 526 3179 626 3258; x_wconf 79' lang='lat' dir='ltr'><strong>Porro</strong></span> <span class='ocrx_word' id='word_1_244' title='bbox 641 3200 700 3256; x_wconf 89' lang='lat' dir='ltr'><strong>tua</strong></span> <span class='ocrx_word' id='word_1_245' title='bbox 715 3214 923 3276; x_wconf 84' lang='lat' dir='ltr'><strong>quaecunque,</strong></span> <span class='ocrx_word' id='word_1_246' title='bbox 940 3201 1098 3276; x_wconf 90' lang='lat' dir='ltr'><strong>quantum</strong></span> <span class='ocrx_word' id='word_1_247' title='bbox 1112 3202 1235 3277; x_wconf 89' lang='lat' dir='ltr'><strong>potero,</strong></span> <span class='ocrx_word' id='word_1_248' title='bbox 1252 3216 1340 3259; x_wconf 90' lang='lat' dir='ltr'><strong>com·</strong></span> 
     </span>
     <span class='ocr_line' id='line_1_30' title="bbox 240 3293 1339 3377; baseline 0.005 -21"><span class='ocrx_word' id='word_1_249' title='bbox 240 3293 335 3356; x_wconf 89' lang='lat' dir='ltr'><strong>moda</strong></span> <span class='ocrx_word' id='word_1_250' title='bbox 349 3294 614 3377; x_wconf 88' lang='lat' dir='ltr'><strong>interpretatione</strong></span> <span class='ocrx_word' id='word_1_251' title='bbox 629 3295 816 3359; x_wconf 87' lang='lat' dir='ltr'><strong>leniturum.</strong></span> <span class='ocrx_word' id='word_1_252' title='bbox 851 3296 923 3359; x_wconf 92' lang='lat' dir='ltr'><strong>Nec</strong></span> <span class='ocrx_word' id='word_1_253' title='bbox 935 3297 1021 3358; x_wconf 90' lang='lat' dir='ltr'><strong>enim</strong></span> <span class='ocrx_word' id='word_1_254' title='bbox 1032 3296 1156 3360; x_wconf 87' lang='lat' dir='ltr'><strong>felicius</strong></span> <span class='ocrx_word' id='word_1_255' title='bbox 1171 3297 1339 3362; x_wconf 91' lang='lat' dir='ltr'><strong>nobiscum</strong></span> 
     </span>
     <span class='ocr_line' id='line_1_31' title="bbox 240 3395 1339 3482; baseline 0.008 -25"><span class='ocrx_word' id='word_1_256' title='bbox 240 3395 355 3478; x_wconf 89' lang='lat' dir='ltr'><strong>agitur,</strong></span> <span class='ocrx_word' id='word_1_257' title='bbox 380 3418 476 3480; x_wconf 91' lang='lat' dir='ltr'><strong>quam</strong></span> <span class='ocrx_word' id='word_1_258' title='bbox 496 3418 570 3460; x_wconf 92' lang='lat' dir='ltr'><strong>cum</strong></span> <span class='ocrx_word' id='word_1_259' title='bbox 592 3397 778 3481; x_wconf 80' lang='lat' dir='ltr'><strong>Augustino</strong></span> <span class='ocrx_word' id='word_1_260' title='bbox 801 3398 887 3477; x_wconf 91' lang='lat' dir='ltr'><strong>olim,</strong></span> <span class='ocrx_word' id='word_1_261' title='bbox 909 3399 1001 3482; x_wconf 89' lang='lat' dir='ltr'><strong>cujus</strong></span> <span class='ocrx_word' id='word_1_262' title='bbox 1022 3399 1078 3463; x_wconf 91' lang='lat' dir='ltr'><strong>illa</strong></span> <span class='ocrx_word' id='word_1_263' title='bbox 1092 3421 1162 3478; x_wconf 84' lang='lat' dir='ltr'><strong>vox,</strong></span> <span class='ocrx_word' id='word_1_264' title='bbox 1178 3401 1280 3464; x_wconf 80' lang='lat' dir='ltr'><strong>Aliud</strong></span> <span class='ocrx_word' id='word_1_265' title='bbox 1292 3410 1339 3466; x_wconf 83' lang='lat' dir='ltr'><strong>est</strong></span> 
     </span>
     <span class='ocr_line' id='line_1_32' title="bbox 240 3499 919 3580; baseline 0.006 -19"><span class='ocrx_word' id='word_1_266' title='bbox 240 3499 324 3578; x_wconf 81' lang='lat' dir='ltr'><strong>quod</strong></span> <span class='ocrx_word' id='word_1_267' title='bbox 337 3500 487 3578; x_wconf 76' lang='lat' dir='ltr'><strong>docemus,</strong></span> <span class='ocrx_word' id='word_1_268' title='bbox 504 3501 594 3562; x_wconf 78' lang='lat' dir='ltr'><strong>alind</strong></span> <span class='ocrx_word' id='word_1_269' title='bbox 607 3501 690 3580; x_wconf 80' lang='lat' dir='ltr'><strong>qaod</strong></span> <span class='ocrx_word' id='word_1_270' title='bbox 702 3501 919 3565; x_wconf 49' lang='lat' dir='ltr'><strong>aestimemus&amp;</strong></span> 
     </span>
    </p>
   </div>
   <div class='ocr_carea' id='block_1_4' title="bbox 282 3651 1286 3782">
    <p class='ocr_par' dir='ltr' id='par_1_7' title="bbox 282 3651 1286 3782">
     <span class='ocr_line' id='line_1_33' title="bbox 283 3651 660 3702; baseline 0.011 -4"><span class='ocrx_word' id='word_1_271' title='bbox 283 3658 294 3680; x_wconf 84' lang='lat'><strong>¹¹</strong></span> <span class='ocrx_word' id='word_1_272' title='bbox 311 3651 345 3699; x_wconf 81' lang='lat' dir='ltr'><strong>ut</strong></span> <span class='ocrx_word' id='word_1_273' title='bbox 356 3655 445 3700; x_wconf 87' lang='lat' dir='ltr'><strong>natura</strong></span> <span class='ocrx_word' id='word_1_274' title='bbox 456 3655 524 3701; x_wconf 85' lang='lat' dir='ltr'><strong>etex</strong></span> <span class='ocrx_word' id='word_1_275' title='bbox 536 3653 609 3701; x_wconf 88' lang='lat' dir='ltr'><strong>inst&#39;t</strong></span> <span class='ocrx_word' id='word_1_276' title='bbox 627 3656 660 3702; x_wconf 90' lang='lat' dir='ltr'><strong>to.</strong></span> 
     </span>
     <span class='ocr_line' id='line_1_34' title="bbox 282 3714 1286 3782; baseline 0.006 -19"><span class='ocrx_word' id='word_1_277' title='bbox 282 3723 293 3745; x_wconf 82' lang='lat'><em>¹</em></span> <span class='ocrx_word' id='word_1_278' title='bbox 314 3714 352 3778; x_wconf 80' lang='lat' dir='ltr'><strong>[S.</strong></span> <span class='ocrx_word' id='word_1_279' title='bbox 363 3718 428 3778; x_wconf 82' lang='lat' dir='ltr'><strong>Aug.</strong></span> <span class='ocrx_word' id='word_1_280' title='bbox 440 3720 527 3766; x_wconf 87' lang='lat' dir='ltr'><strong>contra</strong></span> <span class='ocrx_word' id='word_1_281' title='bbox 539 3716 623 3767; x_wconf 80' lang='lat' dir='ltr'><strong>Faust</strong></span> <span class='ocrx_word' id='word_1_282' title='bbox 642 3717 686 3766; x_wconf 89' lang='lat' dir='ltr'><strong>lib.</strong></span> <span class='ocrx_word' id='word_1_283' title='bbox 698 3733 741 3769; x_wconf 86' lang='lat' dir='ltr'><strong>xx.</strong></span> <span class='ocrx_word' id='word_1_284' title='bbox 759 3721 818 3766; x_wconf 84' lang='lat' dir='ltr'><strong>sect.</strong></span> <span class='ocrx_word' id='word_1_285' title='bbox 831 3717 884 3766; x_wconf 84' lang='lat' dir='ltr'><strong>xxi.</strong></span> <span class='ocrx_word' id='word_1_286' title='bbox 899 3716 954 3780; x_wconf 87' lang='lat' dir='ltr'><strong>Op,</strong></span> <span class='ocrx_word' id='word_1_287' title='bbox 971 3720 1032 3766; x_wconf 87' lang='lat' dir='ltr'><strong>tom.</strong></span> <span class='ocrx_word' id='word_1_288' title='bbox 1043 3717 1097 3766; x_wconf 86' lang='lat' dir='ltr'><strong>viii.</strong></span> <span class='ocrx_word' id='word_1_289' title='bbox 1115 3719 1160 3768; x_wconf 92' lang='lat' dir='ltr'><strong>col.</strong></span> <span class='ocrx_word' id='word_1_290' title='bbox 1173 3720 1227 3769; x_wconf 77' lang='lat'><strong>546.</strong></span> <span class='ocrx_word' id='word_1_291' title='bbox 1241 3719 1286 3782; x_wconf 82' lang='lat' dir='ltr'><strong>A.]</strong></span> 
     </span>
    </p>
   </div>
   <div class='ocr_carea' id='block_1_5' title="bbox 0 0 1490 4914">
    <p class='ocr_par' dir='ltr' id='par_1_8' title="bbox 0 0 1490 4914">
     <span class='ocr_line' id='line_1_35' title="bbox 0 0 1490 4914; baseline 0 3"><span class='ocrx_word' id='word_1_292' title='bbox 0 0 1490 4914; x_wconf 95' lang='lat' dir='ltr'><strong> </strong></span> 
     </span>
    </p>
   </div>
  </div>
 </body>
</html>
