2970 4914
229 263 299 326 loe
673 278 716 329 ou
736 279 877 344 naemu,

227 434 309 496 enim
322 441 369 498 est
383 441 414 498 et
435 434 552 500 rationi
566 441 811 515 consentaneum,
827 441 862 498 ut
879 435 922 498 sit
945 455 1072 498 sacrum
1094 434 1231 518 vectigal
1252 454 1327 516 quo-

228 538 342 616 tannis,
359 559 417 619 quo
433 538 504 602 Deo
519 539 651 617 litemus,
666 539 703 602 ab
717 540 907 602 incrementa
921 538 970 600 rei
984 537 1161 617 familiaris,
1178 537 1328 619 quonuodo

227 642 447 704 anniversarie
475 643 673 705 solennitates
708 640 915 725 gratitudinis
944 661 1017 722 erpo
1047 642 1147 703 solent
1176 639 1326 702 celtiberi.

230 743 317 806 Huic
332 765 458 826 quoque
477 745 560 806 ratio
575 743 762 808 favet21ed
776 752 887 806 utrum
901 743 935 806 id
951 764 990 806 ex
998 749 1153 824 proventu
1168 749 1269 820 terra,
1285 763 1328 804 un

228 848 497 927 veropecuniorio
509 847 674 910 mercede?
717 847 813 909 Ratio
833 846 972 929 priorem
992 846 1123 910 mavult.
1170 846 1212 908 In
1231 845 1329 909 rebus

229 947 317 1011 enim
332 949 446 1012 creatis
459 951 572 1032 imapo,
589 955 681 1031 atque
699 951 749 1031 (ut
762 949 809 1012 ita
822 949 945 1032 loquar)
961 950 1184 1030 superscriptio
1204 948 1275 1027 Dei,
1290 955 1329 1011 ut

229 1053 264 1113 iu
280 1053 463 1115 numismate
487 1053 657 1138 Principis.
703 1052 754 1116 Ex
775 1053 986 1133 inscriptione,
1001 1053 1137 1134 oeetipat
1157 1051 1329 1134 distingui-

229 1163 292 1218 tur.
339 1155 447 1222 Quare
471 1158 590 1238 Repum
619 1155 788 1238 quindena,
816 1162 849 1219 et
872 1155 1013 1218 subsidia
1042 1157 1125 1245 (quae
1150 1154 1325 1238 appellant)

230 1259 356 1342 signata
370 1266 454 1323 sunt.
478 1261 627 1323 Divinum
641 1260 784 1342 uectipul,
794 1280 861 1322 non
876 1267 1047 1341 argentum
1062 1266 1118 1322 aut
1130 1280 1174 1322 aes
1188 1259 1331 1321 humana

229 1362 371 1445 imagine
385 1383 579 1446 percussum,
593 1362 649 1426 sed
663 1361 761 1445 ipsius
773 1361 846 1439 Dei,
858 1369 895 1424 ut
907 1368 955 1424 est
969 1361 1004 1424 in
1016 1363 1170 1424 creaturis
1181 1360 1331 1424 omnibus

231 1467 396 1530 character
417 1469 575 1548 potentia,
603 1467 781 1547 Sapientia,
811 1465 1031 1528 misericordie
1060 1465 1191 1528 Divina.
1247 1464 1331 1530 Inde

231 1590 307 1651 ergo
323 1570 455 1632 Sacrum
469 1571 604 1652 nectipat
617 1576 695 1632 esto.

274 1671 383 1734 Vultis
396 1672 514 1735 aliam?
545 1673 640 1736 Ratio
656 1672 734 1750 vult,
750 1671 825 1734 inde
834 1679 872 1735 ut
887 1670 1041 1755 percipiat
1056 1671 1225 1734 mercedem
1240 1691 1331 1733 suam

231 1775 390 1851 Minister,
407 1775 491 1838 uude
515 1772 685 1861 συντυχία,
709 1774 821 1852 idest,
844 1776 1013 1838 communio
1037 1775 1131 1855 copia
1155 1782 1188 1837 et
1210 1775 1331 1855 inopie,

232 1873 428 1957 συμπάθεια,
441 1879 610 1941 communio
626 1878 739 1960 pandii
753 1885 849 1959 atque
863 1877 1016 1939 maestitia
1031 1876 1192 1959 popularis
1206 1876 1242 1938 iu
1257 1898 1332 1939 eum

231 1979 411 2043 redundare
439 1981 549 2063 possit.
594 1979 733 2063 Expedit
761 1980 808 2043 ita
837 2000 870 2042 se
902 2001 972 2042 rem
1001 1979 1129 2043 habere.
1175 1979 1333 2042 Nutritur

232 2103 333 2145 annuo
350 2089 523 2164 prouentu:
549 2083 667 2147 Sudum
685 2083 761 2148 estl
784 2083 890 2147 alacer
912 2089 972 2160 est,
992 2083 1120 2164 pandet,
1137 2082 1246 2165 psallit
1262 2083 1333 2145 Deo

231 2206 298 2249 non
313 2185 419 2248 minus
441 2185 588 2265 libenter,
606 2208 701 2270 quam
717 2185 820 2269 quivis
836 2186 993 2268 apricolu;
1009 2204 1082 2268 pars
1097 2185 1184 2248 enim
1208 2184 1257 2247 illi
1276 2207 1335 2247 sua

232 2296 280 2352 est
299 2289 335 2352 in
357 2289 413 2352 illa
430 2290 606 2357 serenitate.
657 2290 833 2370 Tempestas
858 2288 929 2352 est?
961 2289 1110 2368 suspirat,
1136 2287 1331 2370 ingemiscit,

229 2411 337 2473 preces
343 2389 464 2472 fundit,
476 2413 543 2456 non
557 2393 664 2456 minus
679 2393 837 2470 ardenter,
849 2413 946 2474 quam
961 2391 1064 2473 quivis
1079 2392 1240 2472 apricata5
1257 2412 1333 2474 pars

233 2494 383 2558 enimitli
398 2516 454 2558 sua
469 2494 568 2558 estin
581 2494 638 2559 illa
659 2499 850 2578 tempestate.
895 2493 1056 2575 Magnum
1077 2493 1220 2570 Nature,
1241 2514 1334 2576 mag-

233 2617 312 2658 num
327 2597 462 2675 Potitia,
478 2618 633 2680 magnum
648 2597 798 2660 Ecclesia
813 2595 977 2659 vinculum
998 2591 1187 2674 συμπάθεια
1206 2616 1335 2669 conser-

232 2706 334 2762 vatur.
379 2700 430 2762 Ex
455 2700 605 2764 adverso:
644 2699 800 2764 Nutritur
828 2699 909 2781 stipe
935 2700 1066 2760 annua?
1111 2699 1231 2760 Pluvia
1258 2706 1335 2762 sunt

233 2804 436 2883 tempesticn;
452 2803 591 2883 Populus
604 2802 733 2865 laetatur
740 2827 750 2881 3
766 2803 918 2864 Minister
929 2822 996 2864 nou
1010 2800 1157 2865 laetatur:
1175 2801 1229 2864 Illi
1242 2823 1335 2864 nam-

233 2926 294 2986 que
316 2905 369 2986 (ut
394 2904 489 2968 initio
515 2904 667 2986 dixeram)
696 2924 752 2968 nec
776 2906 894 2967 seritur
919 2923 975 2967 nec
996 2901 1152 2966 metiturl.
1199 2904 1337 2967 Siccitas

233 3006 320 3068 venit
345 3007 587 3086 intempestiua?
631 3007 771 3087 Populus
799 3007 878 3084 fleu
902 3006 1054 3068 Minister
1083 3027 1150 3069 non
1174 3005 1247 3069 flet:
1281 3007 1336 3070 Illi

233 3128 372 3190 namque
387 3128 442 3170 nec
456 3108 573 3170 seritur
587 3127 643 3170 nec
658 3109 796 3171 metitur.
843 3108 1006 3191 Magnum
1020 3108 1164 3186 Nature,
1177 3129 1336 3191 magnum

233 3210 368 3287 Politice,
394 3231 549 3293 magnum
581 3210 732 3274 Ecclesia
763 3209 941 3274 Vinculum
972 3207 1161 3290 συμπάθεια
1190 3211 1334 3278 solvitur.

234 3314 312 3376 Non
326 3312 453 3396 expedit
477 3312 532 3375 sic.
579 3313 688 3380 Quare
709 3312 815 3396 potior
837 3319 887 3376 est
902 3334 940 3377 aa
960 3313 1066 3391 Ratio,
1084 3333 1155 3396 quae
1174 3313 1253 3377 facit
1276 3336 1337 3398 pro
1358 3295 1363 3306 ¹

234 3422 326 3479 terra
333 3415 504 3497 fructibus.

283 3520 337 3602 (3.)
355 3519 408 3582 Ad
423 3519 555 3582 tertium
570 3519 770 3602 progrediar:
798 3520 900 3593 Quota
909 3522 1016 3602 pars?
1046 3520 1191 3583 Decima.
1221 3520 1336 3599 Aiunt,

227 3624 396 3703 positivum
420 3623 479 3684 Jus
507 3620 564 3703 (sic
590 3621 677 3684 enim
701 3622 889 3705 loquuntur)
933 3623 1149 3685 determinatio
1179 3629 1226 3685 est
1247 3623 1337 3685 Juris

234 3727 412 3789 Naturalis.
457 3726 595 3787 Mortem
617 3727 778 3788 homicide
792 3727 854 3788 Jus
868 3727 1026 3788 Naturale
1044 3725 1205 3789 decernit:
1233 3726 1336 3788 Genus

234 3830 352 3907 mortis,
379 3829 438 3890 Jus
457 3829 641 3891 Positioum.
687 3828 807 3892 Itidem
832 3828 933 3905 aiunt,
964 3829 1152 3909 stipendium
1184 3829 1336 3892 Ministro

235 3929 378 3995 decernit
391 3931 451 3992 Jus
461 3929 638 4002 Naturute;
661 3930 794 3992 Modum
803 3950 860 3992 seu
873 3931 1074 4008 tornationem,
1082 3931 1141 4011 jus
1150 3931 1336 3996 Positiuum.

235 4032 317 4107 Imo,
341 4032 377 4094 in
398 4031 494 4096 rebus
508 4022 652 4113 politicis
680 4031 824 4110 fortasse,
853 4032 988 4094 Positiui
1012 4039 1060 4095 est
1090 4033 1259 4095 limitatio:
1294 4034 1337 4097 In

235 4136 349 4207 divinis
364 4140 482 4213 autem,
497 4142 531 4198 et
545 4134 697 4198 Ecclesiae
718 4133 942 4216 descriptione,
966 4155 1032 4196 nou
1057 4134 1180 4197 damus·
1228 4135 1337 4201 Quam

234 4237 297 4300 fuit
312 4237 351 4299 de
375 4237 560 4300 Levitarum
585 4237 670 4300 victu
694 4236 848 4299 sollicitus
875 4237 974 4312 Deus,
990 4245 1058 4298 tam
1078 4243 1127 4299 est
1148 4236 1187 4299 de
1206 4245 1335 4303 nostro:

235 4339 298 4416 Ibi,
326 4339 465 4400 Positioo
488 4339 562 4401 Juri
587 4346 781 4402 reservatum
805 4337 887 4400 nihil
898 4363 907 4413 ς
931 4359 973 4400 ne
996 4338 1050 4401 hic
1071 4338 1201 4421 quidem
1223 4339 1335 4421 igitur.

234 4443 369 4506 Ratione
390 4448 461 4504 tota
487 4463 537 4505 res
560 4449 666 4524 potest
692 4439 837 4523 transigi.
882 4442 1012 4519 Levitis,
1033 4442 1090 4524 jus
1120 4441 1335 4506 decimarum:

591 4549 604 4581 ¹¹
621 4550 714 4614 [Plaut
724 4549 823 4615 Epidio.
834 4550 867 4600 11.
880 4553 903 4600 2.
917 4549 967 4612 80.]
