2970 4914
266 255 310 319 28
627 269 762 319 couno
783 271 827 319 ln
848 269 986 319 emam.

266 429 372 512 potior
385 427 467 492 mihi
480 427 563 492 ratio
580 428 707 492 videtur
725 429 795 492 haec
815 450 874 511 pro
891 427 1045 492 concione
1060 425 1253 504 inculcandi,
1270 445 1366 509 quam

272 533 369 616 (quod
387 532 443 595 diu
459 533 529 616 jam
550 533 635 595 t1isti
658 553 804 596 successu
823 532 968 613 fecimus)
999 531 1167 595 mordendi
1188 552 1247 594 nos
1271 539 1367 613 atque

266 636 453 700 lancinandi
474 636 621 714 invicem,
637 635 739 701 donec
759 635 892 700 tandem
915 634 1007 698 alteri
1027 634 1067 699 ab
1088 635 1196 698 alteris
1218 656 1366 698 consum-

266 761 369 803 amur.

312 842 407 908 Quod
427 841 491 905 nisi
512 843 579 920 fiat,
599 841 715 904 rudera
738 848 824 905 certe
844 848 877 904 et
898 839 1000 903 ruinae
1014 841 1166 918 Ecclesiae
1189 839 1366 921 conspicuae

267 953 363 1020 sunt,
398 953 558 1009 structura
585 967 659 1009 vero
685 951 742 1008 aut
772 953 939 1008 structmae
968 945 1102 1008 materia
1127 966 1195 1008 non
1225 951 1366 1027 apparet.

265 1049 352 1112 Ruta
376 1070 454 1112 coesa
476 1049 588 1113 video:
611 1049 699 1112 unde
722 1049 900 1112 sarciantur
921 1049 971 1112 vel
990 1055 1152 1131 tegantur,
1174 1070 1241 1111 non
1253 1047 1364 1111 video:

266 1153 403 1217 Meliore
416 1154 486 1217 loco
501 1153 568 1217 fore
582 1174 633 1216 res
648 1175 744 1236 quam
759 1162 843 1232 sunt,
856 1174 982 1237 sperare
1003 1175 1071 1216 non
1084 1173 1233 1237 possum3
1257 1153 1365 1234 pejore

266 1255 371 1319 adhuc
385 1256 452 1319 fore
468 1277 564 1338 quam
579 1264 663 1334 sunt,
678 1263 821 1320 metuere
835 1279 975 1340 possum.

310 1360 454 1424 Disserui
474 1360 513 1423 de
534 1381 579 1438 re,
594 1368 633 1423 ut
654 1361 736 1423 mihi
758 1361 887 1444 quidem
906 1360 1008 1424 videri
1030 1360 1120 1438 solet,
1139 1359 1318 1423 necessaria
1332 1366 1365 1422 et

266 1469 408 1527 tractatu
421 1470 454 1526 et
476 1463 629 1546 cogitatu.
676 1464 879 1528 Sententiam
901 1485 939 1527 ea
956 1463 995 1527 de
1018 1485 1053 1527 re
1074 1484 1181 1526 meam
1194 1463 1293 1541 vobis,
1310 1463 1366 1546 qui

266 1567 430 1647 Prophetes
445 1567 520 1629 estis
542 1573 575 1630 et
590 1568 763 1648 prophetice
777 1567 959 1649 Aeolicam
974 1567 1099 1646 Patres,
1115 1568 1274 1648 Propheta
1296 1567 1366 1649 ipse

266 1669 409 1754 ejusdem
425 1669 556 1749 ordinis,
566 1692 633 1735 non
647 1670 791 1754 ejusdem
804 1671 921 1750 meriti,
936 1691 1051 1753 meque
1065 1670 1171 1754 ipsum
1185 1690 1243 1752 per
1257 1670 1366 1734 omnia

265 1772 460 1836 submissum
474 1773 556 1837 volo.

311 1875 396 1938 Satis
407 1877 476 1959 jam
492 1876 613 1939 dudum
627 1876 715 1940 taedii
729 1876 900 1940 devorastis
916 1877 1000 1954 scio;
1023 1897 1091 1940 non
1111 1875 1249 1960 peccabo
1263 1875 1364 1958 igitur

266 1979 387 2042 diutius
401 1979 437 2042 in
451 1980 640 2062 patientiam
654 1987 801 2044 vestram.

310 2081 455 2145 Illustret
470 2090 594 2146 mentes
608 2089 735 2146 nostras
755 2082 877 2146 lumine
898 2104 955 2147 suo
969 2105 1044 2147 vera
1063 2082 1183 2147 Mundi
1198 2083 1279 2162 Lux,
1295 2105 1363 2146 non

266 2184 361 2248 modo
375 2192 413 2247 ut
426 2185 505 2248 vitia
518 2185 691 2264 videamus,
709 2193 741 2250 et
755 2186 842 2250 labes
861 2207 969 2249 rerum
984 2186 1189 2270 praesentium
1205 2193 1238 2249 et
1253 2207 1363 2250 camnn

266 2307 376 2350 causas
398 2295 576 2351 scrutemur
586 2313 596 2366 3
620 2288 675 2351 sed
689 2296 736 2367 ut,
753 2310 792 2352 ex
813 2288 854 2352 iis
870 2310 940 2372 quae
954 2289 1086 2352 maximi
1107 2289 1266 2352 momenti
1286 2290 1361 2368 sint,

266 2391 473 2469 excutiamus,
498 2391 540 2454 ad
564 2413 663 2475 eaque
683 2393 859 2456 amovenda
882 2393 945 2456 toti
959 2393 1035 2457 totis
1057 2393 1177 2457 viribus
1197 2393 1364 2457 incumba-
1386 2438 1391 2449 ·

266 2516 356 2572 mus;
388 2495 556 2559 florentem
585 2496 736 2560 Ecclesiae
762 2503 890 2576 statum,
918 2497 1022 2580 quoad
1051 2499 1118 2582 ejus
1148 2497 1217 2560 fieri
1246 2506 1361 2580 potest,

266 2597 450 2662 omnimodo
470 2598 634 2678 faciamus,
669 2599 791 2663 factum
820 2621 1061 2666 conservemus:
1096 2601 1244 2684 Denique
1273 2623 1363 2665 revo-

266 2721 375 2765 cemus
405 2701 445 2765 ad
475 2703 652 2766 Jerusalem
685 2712 780 2787 caput
810 2705 932 2769 laetitiae
965 2712 1083 2770 nostrae
1117 2726 1173 2789 per
1198 2705 1362 2770 Christum

266 2803 443 2867 Dominum
458 2812 615 2884 nostrum,
633 2807 689 2869 &c
