2970 4914
222 256 268 322 80
569 270 687 321 concae
708 271 825 321 nunna
847 270 976 336 niani,

220 432 290 513 inea
311 431 412 494 nutri
435 449 591 511 nunquam
612 430 770 492 immemor
783 435 830 492 eet
844 428 879 492 in
899 430 975 507 euin,
998 427 1224 491 intercedamus
1238 427 1327 508 aput

223 533 498 597 Clenwntieeimum
523 533 654 594 Patrem
672 552 735 612 pro
758 531 901 595 Ecclesia
925 532 1007 613 Ejm
1027 530 1194 596 catholica
1215 531 1267 593 ieie
1288 531 1324 595 in

220 637 315 699 terrie
339 635 517 708 militante,·
541 633 716 713 Catholica,
743 655 805 698 non
835 635 990 713 Romana,
1020 635 1077 697 ced
1101 633 1323 712 OEcumenica,

219 759 335 820 nempe,
352 758 444 820 quam
459 739 547 820 imeae
562 738 683 819 miteque
696 743 790 818 patet
805 743 961 800 terrarum
976 736 1077 815 Orbie,
1097 737 1186 818 lonae
1201 737 1323 817 lateque

220 842 432 905 diceeminata.
481 841 646 903 Coneeruet
682 841 711 903 ei
740 840 826 903 Deua
853 845 1070 921 recuperatam
1099 840 1155 902 diu
1181 839 1254 920 jam
1282 859 1323 903 en·

220 945 411 1008 deneieeimie
433 963 575 1006 urorum
599 943 733 1006 terminia
760 944 924 1006 ueritatem
952 963 1061 1006 mam:
1099 942 1260 1005 Restituat
1292 942 1323 1004 ei

218 1049 314 1126 Deae,
326 1067 395 1111 cum
409 1047 446 1108 id
457 1046 503 1108 Ei
513 1047 613 1109 cuum
620 1044 734 1128 fuecit,
744 1046 892 1109 amieeam
898 1047 970 1128 jam
978 1066 1060 1127 pene
1068 1066 1131 1128 per
1147 1045 1323 1108 Christiani

222 1151 315 1214 Orbie
331 1151 465 1213 discidia
485 1149 643 1212 Unitatem
656 1169 756 1212 mam.

261 1253 320 1332 Ac,
345 1273 411 1334 qua
426 1273 508 1334 pare
530 1253 565 1315 in
586 1273 623 1315 ea
644 1252 726 1315 cotie
747 1253 863 1341 naetrie
884 1253 1003 1334 indicet
1024 1253 1074 1315 vet
1093 1252 1236 1329 manime,
1252 1271 1322 1314 eam

214 1361 331 1436 prater
344 1374 499 1436 maraque
514 1359 653 1433 caterae,
675 1354 753 1433 Deo,
770 1373 827 1417 nec
843 1355 910 1418 eine
921 1356 1049 1436 qemitu,
1068 1354 1320 1418 commendemus.

217 1459 349 1520 Fratres
376 1463 500 1520 nostroe
522 1457 601 1536 dica,
627 1477 805 1539 quacunque
828 1459 931 1520 crucia
950 1478 1072 1540 acuere,
1089 1477 1267 1539 quacunque
1282 1457 1320 1519 de

218 1581 313 1624 cauea
321 1580 449 1641 precem
472 1565 503 1622 et
525 1561 667 1645 afflictae.
715 1561 885 1624 Precemur
907 1561 952 1623 eie
975 1562 1179 1623 tentationum
1192 1580 1320 1622 enarum

210 1663 337 1745 felicem
354 1664 472 1726 ercitum
481 1688 491 1736 ;
515 1683 554 1726 ac
575 1663 711 1742 interim,
729 1663 803 1725 dum
817 1664 920 1726 enitue
941 1665 975 1725 in
990 1664 1109 1726 incerto
1124 1669 1180 1742 eet,
1191 1665 1320 1744 patien-

218 1768 295 1830 tiam
308 1772 426 1849 quanta
440 1772 492 1829 eat
506 1767 577 1846 erit,
594 1767 639 1829 ad
652 1785 760 1831 mucce
780 1785 855 1830 cuae
870 1766 992 1846 leuiter,
1006 1772 1042 1829 ut
1059 1767 1155 1846 decet,
1172 1772 1318 1829 coactan-

218 1874 325 1951 terque
332 1867 549 1950 perferendae.

261 1973 328 2034 Pro
340 1970 493 2035 Ecclesiae
501 1977 599 2054 parte
607 1973 852 2054 paceflorente:
875 1971 1072 2034 Nominatim
1079 1991 1142 2053 pro
1154 1971 1317 2051 Ecclesiis,

220 2094 344 2156 quaque
358 2075 392 2136 in
404 2073 575 2138 Britannia
590 2073 715 2156 Magna
729 2079 760 2137 et
770 2073 939 2153 Hibernia,
956 2094 1080 2157 quaque
1090 2075 1124 2136 in
1135 2074 1322 2139 Palatinatu

217 2183 348 2260 utroque
361 2183 446 2241 eunt.
489 2176 548 2256 Ac,
566 2197 624 2259 qua
646 2197 703 2240 nae
716 2183 807 2240 uocat
821 2178 975 2259 imprimis
990 2178 1083 2262 officii
1101 2179 1201 2240 ucetri
1224 2179 1320 2257 ratio,

211 2300 274 2361 pra
296 2279 489 2343 cerenieeima
505 2279 784 2361 Potentieeimoquc
799 2281 959 2362 Principe,
982 2280 1099 2343 Jacobo
1114 2281 1176 2343 Dei
1194 2281 1319 2354 Gratia,

217 2383 268 2447 M.
283 2383 470 2461 Britannia,
497 2383 650 2460 manua,
678 2387 709 2446 et
731 2382 891 2446 Hibernia
916 2383 1010 2464 Reae,
1037 2383 1129 2445 Fidei
1151 2381 1318 2466 defemere,

208 2505 328 2568 perque
349 2487 482 2550 ditieuea
500 2505 575 2554 eune
595 2485 741 2548 Statuum
764 2487 899 2550 omnium
914 2491 1006 2568 atque
1028 2487 1190 2564 ordinum,
1207 2488 1318 2569 quique

215 2589 432 2652 Eccleeiaetici
446 2595 529 2668 ment,
546 2589 656 2670 quique
671 2589 810 2668 Potitici,
830 2588 1044 2653 Gubernatcre
1058 2610 1184 2654 eummo.
1215 2591 1319 2654 Vitam

215 2692 245 2754 ei
260 2693 392 2775 tanqam,
409 2693 522 2755 multoe
537 2712 634 2754 annae
643 2711 819 2773 precemur,
834 2698 928 2774 utque
943 2691 999 2754 diu
1013 2699 1168 2774 euperetec
1179 2693 1318 2776 Regnum

219 2793 338 2856 Otrieti
351 2794 452 2877 macie
465 2793 567 2856 iudice
581 2794 740 2876 manuque
747 2794 989 2877 propagandum
1002 2801 1097 2875 curet,
1107 2802 1319 2879 propagatum

215 2896 321 2959 uideat
336 2901 429 2977 atque
439 2896 587 2978 caudent.

98 2997 138 3063 75
260 2998 326 3061 Pro
342 2998 606 3079 praetuntieeima
623 2997 745 3080 Recine
759 2997 877 3061 Anna:
901 2999 967 3062 Pro
982 3019 1035 3080 cpe
1049 3001 1205 3082 eurqeutie
1219 3001 1317 3064 Nobi-

216 3099 329 3167 iieaimi
350 3099 510 3181 Principia
533 3099 659 3162 Caroli:
694 3101 760 3162 Pro
790 3101 925 3184 Sponsa,
949 3102 1135 3186 Sponsaque
1145 3128 1155 3181 5
1181 3104 1316 3187 Sponsa,

215 3203 426 3266 ittuetrieeimo
444 3202 594 3283 Principe
617 3203 694 3266 S.R.
717 3202 850 3286 Imperii
871 3204 1030 3283 Electore,
1046 3205 1211 3270 Friderico
1225 3207 1318 3270 Pala-

215 3304 285 3369 tino
300 3303 341 3369 ad
353 3303 525 3382 Rhenum,
545 3303 676 3387 Spania,
689 3306 857 3370 tectieeima
872 3306 1013 3372 Domina
1023 3307 1211 3373 Eliaabetha
1224 3311 1318 3374 unica

216 3408 321 3491 chie,
337 3407 431 3471 unica
446 3412 565 3470 nostra.

259 3515 325 3578 Pro
334 3513 435 3596 Requi
449 3512 648 3593 Proceribus,
660 3512 795 3577 Summis
810 3515 898 3594 viria,
914 3516 955 3578 iic
962 3519 1141 3599 prasertim
1151 3518 1203 3598 qui
1212 3517 1317 3599 Rcyioe

215 3618 382 3700 Majeetati
397 3639 417 3680 a
432 3618 588 3680 sanctine
602 3619 731 3682 coneilio
745 3624 827 3682 eunt.

259 3722 325 3784 Pro
340 3727 446 3785 noctro
461 3722 519 3784 icoc
538 3721 664 3800 Ordine,
674 3741 795 3803 proque
813 3722 902 3786 Ctero
918 3728 948 3784 et
963 3723 1083 3803 Populo
1097 3722 1248 3784 uniuereo.

259 3824 329 3888 Hoc
353 3830 456 3887 autem
474 3823 592 3905 primia
617 3825 795 3904 ultimisque
817 3825 966 3905 precibu
991 3845 1012 3886 a
1035 3825 1103 3886 Dea
1126 3843 1316 3906 cummopere

217 3929 447 4006 contendamus,
471 3933 507 3989 ut
527 3927 622 3990 banne
632 3924 775 4008 fetiuque
795 3927 880 3989 aaut
893 3927 1011 3989 recenti
1029 3927 1186 4009 Canjuyio.
1231 3930 1316 3992 Ante

216 4026 329 4104 omnia,
344 4032 380 4088 ut
403 4025 482 4088 Sion
503 4025 576 4088 inde
598 4024 746 4108 gaudeat,
767 4025 855 4106 cujue
877 4045 996 4105 semper
1016 4045 1049 4088 ee
1067 4025 1184 4107 anuntio
1208 4028 1316 4091 miecet

215 4127 322 4191 Deus:
346 4148 404 4210 quc
419 4128 467 4190 eic
481 4127 641 4190 benedicat
655 4128 700 4190 cie
711 4148 750 4190 eu
763 4126 841 4191 Sion
856 4128 956 4208 Deua,
971 4135 1007 4196 ut
1023 4129 1100 4212 (qua
1114 4130 1254 4193 ctaueuta
1268 4139 1315 4194 eet

214 4230 334 4312 Hymni
359 4230 520 4312 nuptialia)
548 4229 787 4294 videant‘filios
811 4229 951 4295 filiorum
981 4253 1123 4311 auorum,
1147 4239 1190 4313 et,
1213 4232 1314 4317 vquam

214 4353 326 4400 omnes
342 4331 550 4416 suspiramus,
564 4352 677 4416 pacem
692 4353 787 4417 super
802 4331 905 4398 Israel
913 4344 935 4398 ⁰.

645 4467 656 4491 ⁶
674 4461 724 4524 [Pa.
737 4459 840 4535 cxxviii.
853 4459 886 4523 7.]
