2970 4914
239 263 306 327 214
578 273 751 323 nassonem
772 274 816 321 sn
838 275 935 322 misr.
951 276 998 322 ur.

240 441 300 498 est.
346 432 428 498 uuis
441 430 503 495 hoc
518 437 627 494 autem
642 430 794 514 ambigat,
811 452 885 495 cum
905 432 1040 495 istarum
1055 453 1170 496 vocum
1187 433 1344 517 conjunc-

239 535 286 599 tio
301 555 321 597 a
334 535 430 598 Petro
446 533 516 616 ipso
530 533 671 615 primum
685 539 757 596 orta
771 533 835 596 sit?

284 636 380 704 Quod
397 635 485 700 enim
501 635 600 700 infers
621 636 752 698 Verbum
771 637 833 715 Dei
849 636 1002 718 pabulum
1018 656 1092 715 esse,
1105 657 1239 718 pascere
1253 657 1342 718 crgo,

240 743 294 823 pui
325 742 383 803 Ιιοι
411 739 664 802 subministrent.-
702 738 787 803 dabo
815 739 876 804 tibi
898 760 1031 820 pascere
1068 740 1148 818 illos,
1186 740 1342 803 nimirum

239 843 382 921 βοσκεῖν,
407 848 440 906 at
458 863 525 905 non
543 863 581 905 ex
601 863 639 906 eo
659 840 848 924 ποιμαίνειν,
872 843 958 906 unde
981 864 1101 907 nomen
1115 840 1263 924 ποιμένος
1283 843 1343 925 (uti

240 948 353 1029 nosti),
371 946 405 1010 id
431 953 481 1009 est
504 945 653 1024 Pastoris,
674 945 729 1029 qui
747 953 862 1028 praeter
883 945 1036 1029 pabulum
1058 953 1090 1009 et
1113 945 1175 1008 alia
1196 945 1342 1029 quaedam

242 1050 477 1114 subministrat.

284 1155 365 1220 Quae
380 1159 489 1216 autem
504 1150 629 1215 deloco
644 1151 686 1215 ad
699 1150 817 1235 Ephes.
829 1151 871 1215 iv.
888 1151 1032 1230 adducis,
1047 1151 1099 1215 vel
1113 1152 1238 1214 incerta
1253 1156 1340 1228 sunt,

241 1259 271 1320 l.
287 1257 380 1320 Alter
394 1255 482 1320 euim
496 1255 646 1317 Pastores
657 1260 690 1318 et
703 1256 858 1318 Doctores
871 1255 992 1318 eosdem
1007 1276 1076 1318 esse
1089 1255 1167 1318 vult.
1200 1259 1231 1318 2.
1248 1255 1343 1318 Alter

240 1360 409 1422 Pastorum
428 1359 546 1421 nullam
560 1356 648 1439 jacit
672 1359 865 1422 mentionem.
911 1361 943 1422 3.
967 1359 1061 1423 Alter
1085 1358 1232 1421 Lectores
1245 1362 1343 1437 putat

240 1482 305 1524 ease
325 1463 484 1523 Pastores.
530 1460 645 1523 Dicam
671 1460 710 1523 de
731 1460 866 1544 singulis
878 1485 887 1536 ;
914 1463 944 1524 1.
958 1460 1143 1544 Augustino
1169 1461 1284 1524 Pastor
1309 1466 1342 1524 et

240 1566 362 1628 Ductor
387 1584 453 1626 non
477 1562 569 1625 aliter
590 1563 699 1641 iidem,
721 1585 818 1648 quam
846 1563 940 1627 nobis
964 1565 1061 1648 paulo
1085 1570 1170 1643 autc,
1196 1564 1285 1628 Ordo
1309 1571 1342 1628 et

240 1668 364 1750 gradus
374 1677 399 1730 ¹¹.
438 1666 554 1730 Omnis
570 1666 658 1730 Ordo
673 1667 801 1750 gradus,
818 1674 852 1732 at
866 1689 933 1731 non
949 1668 1067 1751 gradus
1084 1667 1182 1732 Ordo.
1220 1667 1342 1731 Itidem

241 1771 356 1833 Pastor
384 1768 489 1832 omnis
518 1771 649 1848 Doctor,
677 1770 732 1834 sed
759 1792 827 1834 non
855 1771 1000 1835 recurrit.
1046 1771 1128 1838 Quis
1152 1771 1213 1835 hoc
1237 1771 1341 1835 dicit?

243 1871 465 1954 Hieronymus
475 1881 498 1935 ¹.
543 1875 574 1935 2.
599 1873 650 1936 De
664 1872 730 1949 illo,
747 1873 803 1955 qui
817 1873 940 1936 nullam
955 1873 1155 1936 mentionem
1173 1872 1261 1951 facit,
1280 1895 1342 1938 nec
1391 1921 1394 1925 -

241 1975 307 2037 ulla
328 1975 411 2037 mihi
430 1975 563 2039 mentio.
617 1976 773 2040 Monachi
795 1975 863 2039 fere
886 1975 1126 2040 'lhactatoribus
1144 1997 1240 2058 quam
1263 1976 1342 2060 Epi-

242 2077 344 2160 scopis
370 2077 473 2160 magis
498 2078 628 2161 propitii
637 2088 660 2142 Υ.
705 2081 736 2143 3.
764 2079 814 2143 De
840 2079 1023 2157 Ambrosio,
1049 2080 1105 2162 qui
1131 2079 1166 2143 iu
1181 2079 1343 2161 Apostotis

242 2180 424 2262 Episcopus,
449 2181 482 2244 in
504 2181 893 2263 ProphetisPresbpteros,
909 2181 945 2244 in
956 2181 1170 2264 Evangelistis
1182 2181 1343 2246 Diaconos

242 2283 399 2347 intellexit
408 2296 430 2361 ¹,
454 2283 539 2348 nihil
564 2284 684 2348 mirum
708 2284 810 2348 sires
836 2283 884 2347 illi
908 2283 1005 2347 rediit
1028 2284 1066 2347 in
1088 2284 1250 2364 Lectores,
1268 2305 1343 2349 cum

242 2394 358 2468 praeter
372 2408 426 2450 eos
441 2408 509 2451 non
523 2386 666 2466 haberet,
684 2394 756 2470 post
770 2386 842 2450 illos
856 2392 933 2464 tres,
949 2386 990 2448 ad
1006 2408 1084 2469 quos
1098 2385 1215 2450 referre
1229 2387 1342 2470 possit.

243 2488 306 2551 Vel
330 2489 454 2553 incerta
485 2489 639 2573 (iuquam)
666 2490 726 2568 vel,
756 2489 812 2553 ubi
836 2497 932 2568 certa,
959 2496 1073 2553 contra
1095 2496 1138 2553 te.
1185 2490 1234 2553 Ut
1257 2490 1344 2572 apud

243 2591 527 2674 chrysostomum:
544 2592 692 2654 Pastores
701 2591 755 2655 ille
767 2590 888 2669 definit,
902 2590 1017 2674 quibus
1028 2588 1115 2659 ἔθνος
1124 2590 1344 2654 concreditum

242 2701 334 2759 ests:
366 2697 432 2780 (An
448 2696 493 2759 sic
511 2695 643 2776 vestrit)
668 2702 701 2759 et
722 2695 853 2778 apponit
874 2695 928 2777 qui
950 2695 1080 2773 fuerint,
1096 2702 1133 2758 ut
1153 2693 1345 2759 Timotheus

244 2798 373 2881 (inquit)
391 2806 424 2862 et
438 2799 541 2877 Titus,
558 2819 694 2881 quorum
713 2805 849 2880 uterque
869 2797 1046 2880 Episcopus
1070 2797 1341 2882 chrysostomob:

240 2899 302 2964 tibi
313 2902 410 2964 etiam
424 2901 496 2984 plus
516 2900 632 2983 (credo)
651 2921 745 2983 quam
762 2901 943 2982 Presbyteri
958 2900 1135 2962 laborantes
1149 2901 1183 2962 in
1197 2900 1288 2963 verbo
1299 2909 1321 2964 ⁰.

285 3004 408 3081 Restat,
430 3003 516 3086 quod
540 3002 579 3065 de
599 3003 768 3086 Prophetis
792 3002 958 3066 delibasti:
983 3023 1111 3084 quorum
1135 3004 1204 3066 loca
1224 3005 1252 3066 si
1275 3005 1344 3085 quis

235 3106 411 3186 perpendat
434 3111 589 3183 accurate,
606 3105 771 3186 comperiet
785 3105 841 3168 snb
856 3106 1025 3168 Pastorum
1047 3107 1168 3170 nomine
1187 3127 1249 3168 non
1262 3108 1345 3170 solos

209 3240 212 3245 ·
241 3210 359 3272 censeri
373 3207 551 3289 Pontifices,
566 3209 666 3272 sedet
681 3210 865 3291 Prophetas,
882 3216 912 3273 et
929 3211 1066 3288 Lenitur,
1086 3211 1195 3292 quibus
1215 3211 1344 3274 docmati

241 3333 351 3375 munna
373 3312 521 3376 incubuit.
568 3313 664 3377 Certe
687 3313 870 3397 comperiet.
915 3314 1009 3378 Adde
1035 3314 1143 3393 etiam,
1170 3315 1344 3398 comperiet

243 3415 408 3499 Principes
431 3436 555 3498 quoque
578 3416 615 3478 in
635 3416 813 3500 Republica
829 3417 922 3496 viros,
946 3438 983 3480 ac
1004 3417 1226 3501 Magistratus,
1251 3440 1343 3502 saepe,

241 3518 308 3583 imo
322 3520 436 3602 saepius
450 3519 554 3583 multo
569 3520 739 3583 Pastorum
760 3519 891 3583 nomine
903 3519 1139 3607 comprehendi,
1156 3542 1253 3602 quam
1268 3521 1343 3584 illos

242 3643 308 3685 una
322 3642 433 3686 omnes
449 3643 527 3706 quos
541 3622 685 3704 posuisti.
726 3622 790 3685 Sed
804 3644 863 3686 nos
874 3622 1038 3705 Principes
1052 3629 1163 3685 tamen
1173 3623 1344 3686 Pastorum

242 3725 374 3789 nomine
388 3746 456 3788 non
467 3724 673 3807 appellamus.
719 3725 791 3788 Nec
805 3726 941 3788 Genevae
953 3724 1070 3807 (credo)
1085 3726 1203 3787 Pastor
1215 3725 1342 3805 dicitur,

244 3829 299 3910 qui
313 3829 536 3912 magistratum
551 3830 643 3912 gerit.
689 3829 922 3912 Prophetarum
945 3830 1046 3913 igitur
1066 3831 1184 3892 Pastor
1198 3829 1262 3893 huc
1277 3850 1343 3892 non

243 3931 386 4014 attingit.
431 3932 503 4011 Dic,
520 3932 591 4015 quis
606 3932 653 3995 ita
666 3933 824 3996 Veterum
838 3933 964 3995 locutus
984 3932 1025 3995 sit
1039 3954 1201 4015 unquam:
1226 3932 1344 4015 alioqui

111 4078 116 4087 .
243 4039 334 4097 extra
348 4035 433 4098 oleas
448 4056 568 4098 sumus.

276 4177 289 4200 ¹¹
318 4168 383 4218 Vide
394 4183 475 4233 supra,
487 4171 570 4232 pido.
583 4173 635 4220 not.
643 4168 674 4234 ¹¹.]
810 4167 866 4232 Op,
878 4172 940 4218 tom.
952 4169 989 4218 iii.
1002 4184 1026 4233 p.
1039 4171 1094 4219 820.
1106 4169 1152 4219 lin.
1161 4168 1210 4233 lt]

275 4241 287 4264 ¹
316 4232 382 4282 Vide
393 4233 454 4282 ibid.
467 4238 519 4283 not
529 4243 547 4284 ¹.
842 4231 1003 4297 b[S.(lhrys.
1023 4234 1099 4284 Hom.
1112 4235 1129 4284 i.
1148 4236 1176 4284 in
1197 4232 1263 4284 Phil.
1285 4236 1341 4298 (lp,

275 4305 287 4336 7
314 4297 381 4347 Vide
392 4297 454 4346 ibid.
467 4301 518 4347 not.
531 4307 549 4346 ν.
809 4301 871 4346 tom.
882 4299 914 4346 iv.
927 4313 952 4360 p.
965 4301 987 4349 5.
1000 4299 1044 4347 lin.
1056 4298 1107 4362 ln]

276 4371 285 4392 ¹
318 4361 381 4411 Vide
393 4361 455 4410 ibid.
467 4365 543 4412 not.².
843 4363 894 4427 c[1
908 4363 1005 4414 Pimv.
1019 4363 1072 4426 17.]

275 4435 286 4456 ⁸
304 4426 341 4490 [S.
349 4425 435 4488 Chrys.
445 4425 521 4476 Hom.
530 4427 564 4476 xi.
573 4427 600 4476 in
608 4425 765 4492 ltpadliph.
1080 4435 1082 4438 '
