2970 4914
518 273 554 323 ru
576 273 722 324 oncrum
743 273 901 324 rsmrmn
1219 263 1260 326 91

161 424 332 509 preconio,
364 426 406 491 ad
434 429 554 514 Ephes.
575 429 633 495 iv.⁸
667 430 740 515 [lep.
766 431 812 515 u]
876 380 1021 497 Tandem
1050 437 1083 496 ct
1113 431 1262 512 loannis,

161 529 245 612 Apo.
261 530 347 608 sixt,
370 553 434 616 quo
452 533 524 598 loeo
546 534 646 598 etiam
666 535 861 617 Nuptiarum
883 534 1029 601 solennia
1048 534 1261 602 celebrantur.

161 631 361 716 Mysterium
383 635 424 700 de
444 657 508 718 quo
532 636 628 702 initio
652 638 766 704 monui
784 657 824 703 ex
845 637 1013 720 Apostolo,
1036 638 1100 705 Dei
1119 638 1263 719 Sionem,

160 735 196 799 id
210 743 270 815 est,
287 739 407 805 Christi
421 740 599 805 Ecclesiam
614 741 848 825 despumantis.

204 841 440 925 Desponsantis
455 851 563 909 autem
577 845 651 925 fide,
664 844 750 930 apud
760 846 933 911 Hoscamu.
965 844 1044 908 Non
1059 845 1147 908 enim
1153 843 1264 926 formu

161 945 286 1027 capitur
307 945 375 1022 ille,
395 969 463 1013 non
484 949 535 1013 vel
559 949 666 1031 apim
679 950 731 1015 vel
754 948 923 1033 splendore
943 949 1078 1031 peneus.
1123 949 1264 1014 Terrena
1374 938 1376 943 ’

160 1047 231 1113 haec
260 1055 503 1115 auctoramenta
531 1058 617 1117 sunt.
666 1052 832 1131 Gaudebit,
858 1051 885 1116 si
914 1053 950 1115 in
978 1051 1145 1131 familiam,
1171 1051 1199 1115 si
1226 1052 1263 1114 in
1358 1049 1362 1058 '

163 1152 305 1221 Gentem
329 1154 492 1218 inseratur
516 1155 663 1236 Spouuts,
683 1155 741 1220 ubi
764 1155 853 1234 Sion,
877 1155 935 1220 ubi
959 1155 1050 1218 Oliuu
1074 1175 1150 1219 uera
1158 1165 1182 1235 ¹,
1206 1154 1264 1219 ubi

162 1264 312 1340 suscepta
333 1257 460 1341 publice
482 1259 609 1342 Religio
632 1265 730 1338 casta,
752 1267 785 1324 et
804 1281 883 1324 cura
905 1261 1077 1343 auritusque
1098 1259 1262 1337 Numinis,

163 1361 289 1443 qualem
306 1364 383 1447 Ipse
399 1363 493 1428 nobis
507 1363 605 1430 verbo
626 1385 684 1428 suo
704 1364 949 1429 commendavit.
1000 1365 1053 1427 Sic
1068 1363 1263 1448 desponsari,

162 1467 262 1531 talem
283 1467 320 1532 in
341 1468 484 1552 stirpem,
505 1467 671 1548 familiam,
693 1475 825 1552 gentem
846 1469 955 1546 inseri,
977 1469 1114 1533 felicitas
1137 1490 1266 1532 summa

163 1591 235 1652 quae
257 1570 387 1654 quidem
408 1571 534 1635 homini
558 1573 686 1637 evenire
707 1579 825 1656 potest.
872 1573 969 1637 Redit
984 1594 1060 1656 ergo
1075 1593 1126 1636 res
1140 1578 1210 1636 tota
1223 1571 1266 1636 ad

164 1673 364 1759 Religionem
388 1681 421 1739 et
437 1675 556 1757 fidem:
581 1675 688 1739 danda
710 1697 816 1761 opera,
838 1682 877 1740 ut
900 1683 1050 1741 nectatur
1073 1676 1127 1740 hic
1148 1675 1263 1740 nodus.

163 1778 198 1840 Is
221 1777 249 1841 si
271 1778 385 1857 salvus,
403 1779 440 1842 st
460 1779 580 1861 gaudes
595 1783 631 1842 tu
648 1779 749 1864 (Sicu)
767 1800 860 1861 super
878 1780 986 1844 Deum
1005 1786 1099 1861 tuum,
1115 1780 1265 1863 gaudebit

162 1899 255 1961 super
269 1885 300 1944 te
314 1881 404 1944 Deus
419 1885 500 1944 tuus.

206 1983 250 2049 Et
266 2003 308 2047 en
321 1983 434 2066 religio
448 1983 501 2047 hic
516 1982 602 2066 apud
616 2004 675 2047 nos
688 1982 724 2047 in
735 1983 905 2050 Britannia
915 1991 1027 2049 nostra
1040 1983 1155 2067 prisca,
1167 1991 1264 2062 casta,

138 2138 143 2150 .
164 2085 325 2166 defaeeate,
336 2093 370 2167 et
380 2108 455 2151 vero
470 2108 567 2170 quam
584 2086 663 2151 Sion
674 2092 838 2170 agnoscat.
864 2087 952 2154 Quid
963 2087 1113 2172 agimus?
1136 2088 1265 2153 imusne

163 2188 199 2254 in
212 2190 300 2254 hunc
314 2211 464 2274 eampum
485 2196 553 2254 tam
575 2190 641 2253 late
662 2195 838 2273 patentem,
853 2197 891 2254 ut
907 2190 1087 2270 doceamus,
1103 2213 1264 2274 nusquam

164 2294 311 2376 gentium
333 2294 524 2378 religionem
547 2293 710 2372 exsistere,
727 2315 801 2358 cum
818 2294 925 2359 Sionis
944 2315 1036 2374 verse,
1058 2294 1092 2358 id
1113 2301 1173 2374 cst,
1190 2317 1265 2361 cum

163 2398 365 2480 Euaupeliric
390 2398 641 2480 Apostolier'sque
665 2399 821 2462 institutis
845 2419 940 2480 mage
967 2419 1143 2481 congruam
1168 2420 1266 2482 quam

165 2524 236 2585 quae
258 2502 311 2567 hio
331 2501 418 2586 apud
428 2537 431 2540 ·
441 2501 525 2565 nos?
569 2502 655 2566 Eece
669 2507 779 2566 autem
797 2500 1025 2584 Confessioucm
1039 2508 1179 2566 uestrum
1192 2503 1265 2568 XL.

166 2606 245 2689 (uno
265 2604 384 2688 minus)
402 2605 557 2670 Articulis
579 2605 855 2690 comprehensam.
900 2607 953 2670 En
968 2627 1043 2671 vero
1058 2613 1091 2670 et
1109 2606 1266 2670 Retectis-

165 2730 267 2773 ruum:
298 2709 428 2774 brevem
455 2711 585 2795 quidem
610 2711 713 2790 illum,
739 2710 796 2775 sed
820 2711 912 2795 cujus
938 2710 975 2775 in
1001 2711 1158 2775 brevitate
1183 2709 1267 2773 nihil

166 2811 332 2878 desideres.
378 2815 432 2876 En
453 2814 607 2878 Ecclesiae
632 2820 752 2879 nostrae
774 2815 963 2898 Apolopium
984 2835 1058 2878 vere
1082 2815 1264 2878 Geuueearu.
1387 2866 1391 2872 .

165 2914 248 2980 Inde
272 2915 328 2999 qui
346 2916 442 2996 volet,
466 2923 574 3000 petet:
619 2918 709 2983 Nam
728 2917 871 3002 prolixus
890 2917 944 2982 hic
958 2917 1040 2983 mihi
1053 2917 1144 2983 labor
1157 2915 1265 2995 nimis,

165 3040 222 3103 per
237 3019 365 3103 singula
378 3021 589 3086 discurrendi.

209 3125 415 3190 circumdate
428 3147 505 3191 vero
522 3125 601 3190 Sion
615 3131 647 3190 et
665 3126 800 3192 lustrate
815 3138 914 3192 eaml.
946 3127 1050 3193 Nobis
1065 3128 1265 3191 Cauouunus

165 3228 201 3294 in
228 3229 354 3314 Scripta
375 3229 496 3294 relatus
520 3251 540 3293 a
561 3231 643 3308 Deo,
669 3231 742 3296 Duo
769 3232 976 3310 Testamenta,
1006 3233 1082 3296 Pria
1109 3231 1265 3313 Symbola,

169 3333 309 3406 Quattuor
329 3334 448 3398 Priora
466 3335 615 3413 Consilio,
635 3335 774 3416 Quinque
795 3337 919 3416 secute,
935 3337 1128 3418 Patremque
1150 3357 1209 3421 per
1228 3356 1268 3398 ea

167 3437 274 3516 series,
293 3443 455 3501 trecentos
477 3444 553 3500 ante
568 3437 820 3501 Constantinum
835 3459 948 3517 annos,
971 3439 1127 3503 ducentos
1146 3439 1266 3503 aCon·

165 3541 319 3622 stantino,
335 3541 480 3625 regulam
494 3540 588 3605 nobis
603 3541 777 3623 Religionis
791 3541 906 3625 figunt.
945 3543 1073 3610 Quibus
1087 3564 1161 3607 vero
1175 3549 1267 3606 vetus

170 3645 332 3708 Catholicae
353 3666 421 3709 non
446 3643 534 3723 satis,
558 3643 627 3707 sine
651 3643 798 3707 Romana
817 3652 1003 3709 assumento
1024 3666 1117 3723 novo,
1141 3644 1267 3727 quibus,

164 3747 202 3811 in
217 3748 265 3827 iis,
283 3769 355 3832 quae
370 3747 445 3826 dixi,
460 3769 527 3812 non
542 3754 591 3812 est
608 3746 695 3826 satis,
705 3747 769 3812 nisi
783 3754 816 3812 et
832 3747 871 3811 ad
887 3747 982 3812 faeces
997 3769 1099 3831 usque
1114 3747 1268 3811 hauriunt

167 3851 316 3916 ubusuum
331 3857 427 3936 atque
442 3871 582 3917 merum
600 3851 649 3934 (ut
665 3850 798 3932 subulas
818 3859 944 3915 taceam
969 3858 1002 3915 et
1017 3849 1180 3934 fipmeutu,
1197 3872 1268 3935 quae

167 3955 344 4020 Ecclesiam
357 3962 430 4038 post
445 3961 612 4038 coeperrmt
627 3954 792 4039 occupare)
810 3955 960 4018 fruantur
975 3975 1060 4019 sane.

213 4059 269 4143 (1.)
295 4059 367 4141 Age
381 4058 601 4142 despondeant
623 4079 658 4122 se
673 4059 744 4122 Deo
759 4057 827 4140 fide
843 4079 911 4122 non
932 4058 1071 4139 scriptu:
1097 4056 1177 4121 Sion
1193 4058 1267 4141 (hoc

168 4168 292 4226 certum
304 4163 365 4245 est)
377 4182 444 4226 non
458 4167 508 4226 est
518 4161 566 4226 ita
581 4161 778 4246 desponsata.
806 4161 861 4244 (2.)
879 4160 1022 4243 Adoreut
1033 4161 1116 4242 quod
1128 4163 1267 4225 ueseiuut

278 4358 287 4381 ¹
305 4348 378 4414 [llph.
390 4364 413 4398 v.
426 4347 478 4412 32]
803 4355 815 4378 ¹
834 4346 916 4410 [conf.
929 4346 1000 4397 Rom.
1012 4347 1047 4398 xi
1059 4347 1112 4411 it]

277 4415 288 4510 ἱ
307 4414 400 4543 &polilt
411 4413 465 4541 2¹5¹]
478 4413 512 4477 7.]
737 4518 739 4523 Α
764 4525 767 4528 ἢ
805 4411 884 4477 ⁷[Ps
896 4411 1039 4498 xlriii11.]
