2970 4914
429 973 508 1036 Aer.
527 973 602 1037 Cur.
619 989 672 1037 xx.
689 973 773 1037 Vm..
789 989 903 1037 xxvui.

111 1167 289 1230 Atteudite²
303 1168 397 1247 uobis,
410 1175 441 1231 et
455 1170 596 1231 uuiverso
615 1169 719 1250 Grepi,
732 1169 766 1229 iu
779 1188 836 1250 quo
851 1189 905 1230 uos
922 1168 1060 1252 Spiritus
1078 1170 1214 1234 Sanetus

148 1272 257 1352 posuit
282 1271 465 1354 Episcopos,
492 1292 599 1353 repere
624 1271 801 1336 Ecclesiam
827 1271 899 1350 Dei,
928 1292 1020 1354 quam
1049 1275 1215 1354 acquisivit

154 1376 304 1455 saupuiue
320 1376 396 1438 Suo.

113 1519 213 1584 QUAM
235 1519 320 1581 uobis
342 1519 472 1581 recitavi
496 1518 692 1582 sententiam
721 1519 1003 1600 (Reverendissimi
1026 1521 1061 1584 in
1086 1522 1215 1586 Christo

112 1623 234 1700 Patres,
261 1623 388 1685 Fratres
408 1622 444 1684 in
468 1622 611 1686 Domino
632 1612 797 1706 carissimi)
822 1623 898 1686 Divi
917 1624 1010 1687 Pauli
1033 1632 1121 1704 est,e
1145 1647 1216 1690 cou-

112 1726 197 1788 cioue
213 1724 381 1806 desumpto,
393 1746 485 1806 quum
499 1726 552 1788 uu
568 1725 613 1787 aot
625 1725 798 1808 Episcopos
807 1727 915 1789 habuit
929 1733 960 1790 et
975 1727 1104 1791 Clerum
1119 1729 1214 1807 Asiae,

113 1828 221 1891 Mileti
249 1829 284 1890 iu
306 1829 498 1892 Provinciali
526 1829 657 1913 Synodo
681 1836 892 1912 compreputos.
947 1831 1016 1894 Neo
1045 1833 1110 1894 atio
1139 1835 1216 1896 utut

112 1934 217 2014 aptior
239 1934 374 2009 occurrit
393 1933 535 1995 iustituto
559 1938 674 2012 uostro,
697 1935 750 2016 qui
772 1934 855 1996 idem
877 1935 928 1997 hic
949 1936 1040 1998 hodie
1063 1938 1214 2015 molimur,

113 2037 224 2118 quique
246 2057 266 2098 u
290 2037 458 2098 Provincia
478 2056 573 2117 usque
590 2037 701 2098 ultima
722 2039 889 2115 couoocati,
907 2039 1057 2118 presidio
1085 2039 1214 2119 Christi,

113 2140 258 2221 Atmique
275 2140 412 2222 Spiritus
427 2140 573 2218 subsidio,
589 2160 713 2203 sucrum
728 2141 779 2204 uto
793 2141 884 2204 hodie
900 2141 1067 2226 Synodum
1081 2164 1101 2205 u
1116 2146 1217 2207 sacris

114 2244 320 2324 auspicamur.

158 2345 388 2409 Provincialem
418 2347 486 2408 diui
500 2343 603 2427 fuisse
634 2347 801 2429 Synodum
828 2350 908 2410 hauc
932 2350 1042 2426 Pauli3
1077 2351 1216 2432 idemque

113 2452 170 2514 hoc
184 2471 300 2514 mecum
315 2451 392 2514 dicit
406 2451 527 2514 Auctor
544 2471 606 2513 uou
619 2451 794 2531 iuditipeus,
812 2442 842 2513 et
862 2453 915 2532 qui
927 2453 1051 2532 primus
1069 2453 1214 2536 synodos

113 2555 245 2636 cottepit,
261 2554 413 2618 Isidorus.
457 2555 492 2617 Is
511 2575 642 2635 mumque
657 2560 766 2616 auctor
785 2561 841 2632 est,
857 2560 893 2616 ut
911 2556 993 2616 illud
1011 2556 1123 2638 Capite
1138 2557 1212 2619 XV.

115 2657 322 2720 Generalimn
342 2657 570 2736 Consiliorum,
587 2658 634 2720 ita
649 2658 739 2735 huuc,
756 2658 813 2719 loos
828 2657 940 2740 Capite
960 2658 1034 2722 XX.
1051 2658 1214 2722 Provinci-

116 2762 215 2830 alium
232 2762 434 2846 Synodorum
449 2759 724 2845 primamfuisseb.
769 2762 858 2838 Idem
872 2763 988 2825 hocca
1007 2764 1117 2826 ultima
1132 2765 1214 2826 auti·
1333 2848 1336 2854 .

116 2867 234 2947 quitote
253 2867 361 2945 Testis,
378 2874 408 2930 et
424 2889 443 2930 a
460 2867 589 2931 Chn'sto
603 2887 710 2930 recem
725 2867 868 2930 Irenaeus
874 2876 895 2946 ⁰,
919 2867 987 2950 (lib.
1004 2868 1050 2931 iii.
1067 2889 1134 2951 cap.
1148 2870 1212 2951 14.)

117 2969 304 3033 Conuoousse
319 2972 379 3033 huc
395 2968 530 3033 Paulum
547 2975 703 3052 utrosque,
718 2976 750 3033 et
759 2948 939 3054 Episcopos
953 2978 984 3034 et
999 2972 1214 3056 Presbyteros,

118 3073 190 3154 (mou
219 3075 300 3135 euim
326 3074 451 3137 Irenaeo
476 3074 558 3136 idem
587 3074 762 3156 Episcopus
788 3080 819 3136 et
845 3074 1017 3160 Presbyter
1030 3077 1053 3159 5)
1087 3097 1148 3138 uou
1177 3076 1216 3138 ab

113 3176 240 3258 Epheso
255 3177 353 3254 modo,
369 3178 426 3239 sed
447 3199 467 3240 a
483 3177 612 3258 reliquis
631 3179 666 3239 iu
687 3178 820 3240 circuitu
838 3179 1031 3259 Civitatibus,
1048 3181 1092 3242 od
1113 3181 1216 3261 Syno-

114 3278 192 3341 dum
213 3278 407 3369 faciendam.
466 3281 555 3343 Idem
583 3282 648 3362 ipse
673 3281 791 3344 Paulus
822 3284 920 3364 paulo
947 3289 1019 3347 aute
1048 3305 1112 3346 ver.
1144 3305 1215 3347 xxv.

115 3383 237 3446 Omnes
251 3405 307 3447 vos
325 3385 447 3467 (iuquit)
465 3405 521 3466 per
537 3405 616 3466 quos
630 3384 765 3446 transivi
784 3385 959 3466 praedicans
973 3386 1119 3449 Verbum
1135 3386 1215 3450 Dei:

113 3488 197 3568 quod
217 3489 255 3551 de
274 3489 367 3552 uuicu
390 3488 512 3571 Ephesi
533 3487 609 3550 urbe
632 3489 842 3569 interpretari,
866 3491 958 3553 uimis
976 3492 1141 3553 uioleutum
1160 3496 1216 3554 est.

116 3591 265 3674 Synodus
280 3612 353 3672 erpo
360 3590 438 3672 fuit.

89 3779 92 3783 .
161 3695 230 3767 Quo
254 3697 292 3758 de
319 3696 449 3780 Synodo
473 3697 586 3757 mirum
610 3715 676 3757 rem
701 3701 851 3758 memorat
875 3696 917 3759 D.
939 3695 1052 3758 Lucas.
1109 3695 1219 3759 Mileti

115 3800 233 3862 Paulus
248 3807 315 3863 est:
337 3806 490 3882 properat
513 3800 557 3863 ad
579 3799 847 3883 Hierosolymam,
869 3804 900 3862 et
924 3797 1046 3881 Spiritu
1069 3798 1218 3882 alligatus

108 3910 270 3984 properat,
286 3925 342 3967 uec
356 3906 477 3967 omuiuo
493 3905 541 3969 iili
556 3905 678 3974 ouimus
697 3903 955 3990 χρονοτριβῆσαι
974 3903 1008 3964 iu
1022 3900 1137 3966 Asiessz
1161 3903 1217 3980 At,

114 4008 310 4088 quuutumuia
323 4016 557 4091 properantem,
573 4009 659 4070 sistit
674 4013 777 4071 tamem
788 4007 912 4092 Synodi
924 4008 1102 4085 necessitas,
1115 4014 1148 4070 et
1163 4005 1219 4090 qui

114 4111 203 4172 illum
223 4110 340 4193 ligarat
366 4111 514 4194 Spiritus,
535 4111 666 4175 emoluit
690 4113 734 4174 ud
761 4118 879 4193 tempus
902 4112 1033 4174 uiuoulis
1056 4112 1122 4174 suis
1147 4110 1219 4172 huic

146 4272 157 4294 ¹
173 4261 321 4326 Προσέχετε·
688 4265 788 4330 Epheso
805 4269 831 4314 et
850 4264 954 4328 reliquis
969 4264 1093 4328 proximis
1111 4261 1218 4312 civitati-

147 4326 159 4361 b
178 4328 256 4392 [Haec
266 4329 342 4379 verba
359 4327 451 4378 Isidori
467 4329 536 4379 houd
546 4343 643 4394 comps
686 4329 815 4380 bus''-S.
828 4329 894 4380 Iron.
917 4334 997 4379 contr.
1015 4328 1098 4394 Hier]
1116 4327 1162 4378 lib.
1179 4326 1216 4375 iii.

115 4393 241 4456 ruerunt]
686 4410 739 4490 cap.
752 4396 790 4444 14.
805 4395 830 4458 [§
842 4396 864 4443 2.
878 4394 932 4457 Op,
944 4409 968 4458 p.
980 4394 1047 4458 201.]

148 4466 158 4489 ⁶
177 4457 207 4522 [“
216 4457 247 4507 In
256 4459 346 4508 Mileto
357 4458 642 4524 enimscnvocotisEpi-

744 4460 813 4525 [Act.
825 4458 914 4523 Apost.
921 4471 966 4510 xx.
978 4459 1030 4523 lo]

114 4523 201 4587 scopis
222 4527 248 4572 et
267 4523 431 4589 Presbyteris,
451 4523 496 4586 qui
520 4527 595 4573 'erant
617 4523 649 4573 sb
713 4542 724 4558 ⁴
921 4538 925 4545 ’
971 4538 974 4545 ·
1046 4538 1050 4547 ’

1268 973 1309 1034 25
