2970 4914
496 278 557 326 ruo
579 278 687 326 aaron
707 279 870 330 menonis.
1188 270 1230 330 25

128 434 295 514 devoratis,
306 442 339 499 et
354 456 449 499 omne
465 435 549 519 quod
563 456 687 499 samara
698 443 745 500 est
755 459 821 500 una
830 437 1006 501 deamatar.
1044 439 1231 504 Debilitatis

128 538 215 601 enim
243 540 326 601 Cleri
345 539 503 618 manibus,
525 539 581 622 qui
606 546 701 616 sunt,
725 539 873 604 alienatis
897 541 1024 620 animis,
1049 543 1104 624 qui
1127 542 1232 606 futuri

128 637 216 720 sunt,
228 643 279 705 vel
294 644 454 724 Propheta
465 643 585 722 nulluS,
595 645 646 706 vel
661 643 717 726 qui
732 645 804 723 erit,
821 646 948 726 laquear
962 645 1029 728 ipse
1045 646 1106 709 erit
1121 647 1157 709 in
1170 649 1231 709 aiis

124 745 229 809 Israel
237 755 262 810 ¹¹.
286 748 425 828 Popataa
440 748 548 830 praeda
559 749 615 811 fiet
624 749 790 811 draconis:
814 751 971 812 Draconis
985 751 1082 827 illius,
1096 753 1151 834 qui
1166 759 1231 815 stat

126 857 201 912 ante
231 852 389 913 mutirem
407 853 599 932 parituram,
629 858 667 914 ut
697 872 771 914 cum
801 853 970 934 pepererit,
1000 863 1131 936 partum
1161 857 1230 939 ejus

127 953 253 1015 devoret
262 966 285 1016 ⁰.
332 955 427 1017 Certe
458 955 545 1018 enim
574 955 678 1038 majus
707 955 784 1018 huie
812 957 912 1018 saetae
942 956 1053 1019 subest
1082 958 1134 1020 vel
1159 958 1229 1040 ipso

124 1058 299 1138 sacrhtepto,
316 1064 349 1120 et
370 1058 466 1140 (quod
479 1059 573 1121 initio
588 1057 711 1140 monui)
729 1081 796 1122 non
811 1059 907 1123 modo
922 1062 1068 1142 sacrilepr'
1082 1061 1229 1125 homines

124 1156 168 1236 hi,
186 1159 242 1222 sed
256 1160 366 1223 hostes
382 1159 480 1247 ctiam
495 1160 638 1223 habendi
651 1181 812 1223 sacrorum
827 1161 981 1224 omnium.
1011 1193 1013 1197 π

169 1263 253 1325 Cum
271 1263 358 1325 enim
378 1263 523 1326 haereant
546 1262 607 1326 sibi
625 1264 774 1343 invicem,
791 1271 823 1328 et
842 1265 1032 1347 complicata
1052 1266 1143 1349 quasi
1163 1267 1228 1331 sint

125 1372 263 1447 quatuor
277 1387 438 1429 capraram
452 1387 580 1448 genera,
594 1370 623 1431 1.
637 1368 731 1430 Sacri
742 1389 851 1443 morea,
867 1372 898 1432 2.
914 1369 1027 1443 media,
1037 1371 1067 1431 3.
1075 1390 1227 1449 persora,

123 1471 155 1530 4.
165 1475 346 1548 proveatur,
369 1489 454 1532 unus
475 1468 568 1549 bolus
590 1476 638 1532 est
654 1469 809 1549 omnium,
827 1477 859 1534 et
880 1470 991 1534 abesse
1017 1492 1084 1534 non
1107 1479 1226 1554 potest,

125 1571 179 1653 qui
193 1570 336 1635 hauserit
358 1594 471 1651 unum,
489 1573 566 1655 quin
581 1579 614 1636 et
629 1579 744 1637 caetera
759 1595 885 1658 quoque
901 1573 961 1637 sub
977 1572 1089 1636 eodem
1108 1574 1228 1640 haustu

123 1673 261 1738 hauriat.
308 1678 338 1738 1.
364 1676 417 1738 Ne
438 1675 480 1737 sit
502 1677 638 1756 veetipat
646 1701 657 1749 ;
688 1697 755 1739 non
771 1677 832 1739 erit
846 1677 968 1754 Levita,
984 1676 1124 1740 Nehem.
1140 1678 1227 1742 xiiia

123 1778 249 1841 Videtis
264 1779 349 1841 hanc
365 1780 526 1842 Coronam
541 1780 692 1843 tantam?
716 1779 896 1862 Diffugient
912 1780 1046 1862 quisque
1060 1780 1096 1842 in
1111 1801 1225 1862 agrum

123 1903 227 1960 suum,
250 1882 460 1966 deserantque
474 1884 609 1945 Domum
629 1884 701 1962 Dei,
717 1884 781 1947 nisi
797 1884 836 1947 de
851 1905 994 1967 congrua
1016 1884 1062 1947 eis
1076 1885 1225 1967 portione

122 1986 337 2068 provideatur.
382 1990 414 2050 2.
438 1988 490 2050 Ne
517 1987 559 2050 sit
579 1989 758 2069 Propheta,
781 2009 849 2051 nou
875 1988 937 2051 erit
953 1989 1132 2069 prophetia,
1156 2010 1224 2052 non
1291 2068 1295 2075 ,

123 2091 182 2152 tea.
234 2090 268 2152 Si
284 2089 473 2172 diffugerint
488 2091 551 2169 isti,
573 2095 634 2154 nec
650 2091 711 2154 erit
728 2091 882 2154 Sacerdos
902 2091 1016 2154 doctus
1039 2091 1224 2175 docensque

121 2193 287 2276 populum.
324 2195 502 2276 Conjungit
516 2194 579 2257 ista
594 2194 657 2257 duo
670 2195 808 2278 Spiritus
826 2197 982 2270 Sanctus3
1009 2195 1064 2278 (1.)
1080 2195 1149 2258 sine
1162 2197 1222 2258 Sa-

122 2297 245 2359 cerdote
260 2297 396 2375 docente,
407 2304 440 2359 et
452 2296 510 2383 (2.)
526 2297 596 2360 sine
606 2297 707 2379 leger.
731 2299 763 2360 3.
780 2297 833 2360 Ne
849 2297 890 2359 sit
892 2299 1072 2378 prophetia,
1084 2319 1152 2361 non
1161 2299 1223 2362 erit

115 2401 285 2481 populor,
302 2400 462 2482 ipsissima
475 2399 654 2463 Salomonis
669 2399 774 2462 verba.
802 2400 953 2463 Redeunt
965 2421 1003 2462 eo
1017 2400 1087 2462 haec
1102 2401 1220 2479 omnia,

122 2525 175 2566 eos
197 2502 353 2579 homines,
376 2502 431 2584 qui
444 2522 546 2578 sacra
571 2502 730 2577 devorarat,
752 2503 901 2564 devorare
927 2502 1025 2564 etiam
1045 2503 1222 2583 Prophetae

122 2627 206 2683 suos,
227 2612 265 2668 ut
287 2606 335 2668 illi
349 2607 477 2668 Jadices
493 2626 577 2668 suos.
617 2605 682 2671 Qui
703 2605 774 2668 illos
791 2612 899 2668 autem
919 2606 1077 2684 deaoraat,
1099 2607 1221 2669 animas

122 2709 292 2773 devorare:
317 2710 372 2792 qui
387 2709 511 2772 animas
527 2708 692 2787 devorant,
702 2710 852 2789 papatum
867 2709 929 2772 Dei
945 2708 1028 2772 sicut
1037 2730 1154 2790 partem
1169 2710 1224 2773 de-

121 2833 232 2876 vorare
242 2822 263 2876 ⁸.
297 2814 375 2875 Non
391 2833 467 2895 ergo
481 2812 679 2894 aectipah'ari
693 2811 799 2888 modo,
816 2811 872 2875 scd
887 2819 920 2875 et
935 2813 1174 2894 Prophetarum,
1191 2820 1223 2878 et

125 2917 363 2990 Coacioaara,·et
377 2916 574 2994 Animarum,
587 2923 619 2978 et
635 2916 779 2978 Gratiam
790 2915 935 2998 gurgites
951 2927 1037 2995 sunt,
1051 2916 1106 2999 qui
1122 2917 1224 3004 Sacra

122 3020 317 3102 deglutiunt.
371 3020 479 3083 Nemo
503 3041 558 3083 vos
582 3019 713 3083 seducat
738 3019 842 3083 verbis
868 3019 1051 3083 fallacibus:
1079 3025 1116 3082 ut
1138 3022 1224 3083 satas

121 3144 188 3187 non
207 3125 275 3186 sine
290 3123 397 3202 verbo,
420 3143 481 3188 neo
504 3124 573 3187 sine
589 3126 749 3206 Propheta
772 3124 906 3203 verbam,
931 3125 975 3187 sic
997 3123 1065 3186 sine
1081 3130 1224 3187 auctora

121 3235 222 3291 meato
239 3249 305 3307 suo,
322 3249 427 3312 neque
442 3230 627 3311 Prophetae,
644 3251 750 3312 neque
764 3230 994 3311 Prophetarum
1010 3230 1140 3292 Schotas
1154 3231 1223 3307 has,

122 3331 177 3393 diu
191 3331 260 3394 fore
276 3339 399 3394 certum
415 3339 475 3395 est.

165 3435 257 3497 Num
273 3434 450 3497 secundum
465 3435 630 3497 hominem
645 3435 708 3497 ista
723 3435 793 3498 dico
803 3437 835 3498 ²?
861 3457 971 3500 nonne
987 3438 1093 3501 Sacra
1106 3439 1223 3501 Litera
1277 3436 1320 3498 20

121 3539 199 3601 haec·
215 3539 327 3602 eadem
351 3539 485 3601 dieunt?
532 3538 628 3603 Quod
648 3539 757 3616 omnia
770 3541 977 3602 Ethaiooram
1000 3543 1119 3623 scripta
1133 3542 1223 3623 inge-

122 3643 259 3720 minant,
282 3643 440 3705 Horrorem
462 3642 578 3704 artium
600 3642 775 3704 ararr'cerru
785 3667 795 3718 3
827 3643 963 3704 candem
989 3649 1022 3705 et
1043 3644 1086 3706 D.
1104 3643 1223 3705 Paulus

124 3748 294 3828 Theotopr'a
317 3767 443 3830 quoque
468 3744 629 3808 nutricem
654 3767 724 3808 esse
746 3751 797 3808 ter
824 3766 891 3808 uno
913 3746 1020 3808 Versu
1040 3746 1222 3808 inculcavit.

122 3853 187 3915 Sub
201 3872 255 3934 spe
269 3852 438 3930 arandum,
455 3851 637 3929 serendum,
653 3849 893 3912 triturandum:
917 3849 986 3913 sine
1008 3849 1069 3912 hac
1083 3870 1137 3932 epe
1153 3870 1222 3913 car-

121 3959 249 4035 aah'art,
266 3963 374 4020 actum
390 3977 459 4019 esse
479 3955 518 4018 de
540 3975 637 4018 meare
660 3955 903 4037 spiritualium&
948 3953 1041 4016 Dixit
1059 3954 1221 4033 Salomon,

122 4062 295 4125 Perariara
312 4061 465 4142 presepia
480 4059 648 4140 penariam
675 4058 784 4120 hoam¹
800 4056 974 4140 consequi:
997 4057 1103 4121 Nobis
1130 4058 1221 4136 dixit,

219 4255 230 4278 1¹
248 4245 309 4294 Hos.
321 4245 357 4293 ix.
370 4247 392 4293 8.
685 4252 693 4274 ·
713 4243 778 4293 Psal.
791 4243 842 4292 xiv.
856 4242 896 4305 (al.
908 4243 974 4307 xiii.)
988 4242 1010 4291 4.

219 4321 230 4344 ⁰
249 4311 341 4374 [Apoc.
353 4309 398 4357 xii.
408 4308 445 4371 4.]
685 4309 693 4340 ²
728 4311 739 4356 1
754 4307 808 4356 Cor.
821 4308 856 4356 ix.
869 4307 904 4371 8.]

219 4385 230 4415 Ρ
251 4375 371 4437 [Nehem.
384 4373 438 4421 xiii.
453 4372 502 4436 lu]
686 4381 696 4402 ¹¹
724 4372 802 4421 Cicer.
814 4372 885 4421 Tusa.
897 4372 990 4430 Quoest.
1003 4372 1048 4422 lib.
1058 4372 1075 4421 i.
1088 4386 1141 4435 cap.
1153 4367 1187 4430 2.]

220 4450 231 4480 ‘¹
248 4441 263 4486 2
276 4438 367 4488 Chron.
380 4452 421 4485 xv.
434 4439 457 4486 3.
684 4445 695 4467 V
712 4441 725 4484 1
736 4436 791 4485 Cor.
804 4436 839 4486 ix.
849 4439 888 4486 10.

219 4511 229 4536 ¹
247 4503 319 4553 Prov.
331 4501 402 4551 xxix.
411 4503 450 4550 18.
684 4508 696 4531 ¹
713 4500 795 4564 [Pror.
807 4501 859 4551 xiv.
872 4500 905 4564 4.]
