2970 4914
474 264 673 314 aesomnes
695 265 943 314 umanumano.
1215 255 1258 316 99

161 420 332 503 sepulturae
341 419 412 484 loco
427 419 607 504 deligendo,
619 428 657 485 ut
666 422 688 484 J
688 422 858 505 osephum:
884 422 911 485 si
926 422 1050 507 dejure
1064 423 1257 507 primogeni-

160 530 243 588 turae
264 523 479 606 transigendo,
495 529 533 586 ut
547 524 689 588 Esauum
698 551 708 603 ;
730 524 862 608 privatis
877 525 912 588 in
928 525 1039 606 causis,
1056 526 1138 590 addo
1160 515 1259 591 etiam

161 634 195 690 et
209 627 443 705 minutissimis,
459 626 488 690 si
505 647 579 690 cum
596 628 732 711 publicis
751 629 978 692 conferantur:
1001 629 1113 712 utique
1128 630 1261 694 meliore

161 730 223 794 hoc
242 731 316 815 jure
337 730 448 794 licebit
473 731 686 814 magistratui,
701 731 738 795 in
758 731 922 795 communi
937 733 1134 817 Reipublicae
1155 755 1260 813 causa,

106 920 109 925 .
162 835 253 918 cujus
267 833 421 898 interesse
437 841 487 898 est
502 835 606 918 majus
621 835 712 899 omni
727 834 789 899 alio
804 835 968 899 interesse.

206 935 310 1019 quue
330 941 462 1000 cautum
483 941 533 1000 est
556 936 627 1020 lege
648 936 786 1016 divinak,
802 937 930 1002 disertis
949 937 1064 1002 verbis.
1109 939 1149 1002 Io
1166 960 1262 1002 causo

162 1039 304 1120 depositi,
326 1040 442 1102 sistant
459 1060 493 1102 ae
513 1060 617 1104 oorom
638 1041 892 1122 Magistrotibaa,
916 1042 962 1104 ait
981 1042 1077 1104 Deus.
1131 1043 1215 1108 Quo·
1227 1043 1261 1106 in

161 1142 242 1222 loco,
253 1142 315 1206 Dei
325 1143 425 1226 ipsius
439 1143 581 1222 nomine,
594 1143 805 1207 nominantur
813 1143 1043 1228 Magistratus:
1066 1146 1139 1209 Nec
1151 1147 1261 1228 quovis

153 1245 302 1325 nomine,
319 1245 376 1310 sed
389 1246 445 1310 illo
460 1246 529 1329 ipso
545 1246 630 1330 quod
645 1246 685 1310 ab
703 1218 800 1326 illd,
815 1247 850 1310 id
865 1255 922 1326 est,
944 1249 1115 1330 afferendi
1128 1250 1160 1313 oi
1175 1227 1277 1312 tran-¹

162 1356 326 1432 sumptum
341 1356 401 1413 est.
440 1349 541 1416 Quasi
556 1349 652 1428 dicat,
669 1350 786 1414 Coram
802 1351 823 1413 J
824 1351 1005 1414 uratoribus
1021 1372 1054 1415 se
1069 1351 1192 1430 sistant,
1206 1360 1261 1415 aut

161 1451 210 1530 iis,
232 1452 288 1534 qui
316 1452 402 1535 (cum
424 1452 487 1516 Dei
510 1453 579 1516 vice
598 1453 664 1536 jus'
677 1452 797 1536 dicant)
825 1453 1004 1538 injudicio
1029 1454 1137 1537 ipsius,
1161 1455 1262 1538 ipsius

161 1555 303 1634 nomine,
316 1556 536 1640 juramentum
552 1556 651 1640 ipsius
666 1555 792 1640 exigere
806 1562 951 1640 possunt.
996 1557 1124 1642 Nempe
1139 1557 1262 1622 Vicarii

162 1657 245 1737 Deil,
266 1658 440 1742 injudicio
461 1659 560 1738 Deim,
572 1660 796 1744 juramentum
816 1659 909 1735 Dein.
954 1660 1163 1744 Magistratui
1186 1682 1262 1744 ergo

160 1761 255 1840 licet3
276 1761 484 1846 Magistratui
496 1762 590 1845 (dico)
605 1784 678 1827 cum
690 1761 924 1841 Ecclesiastico,
936 1769 1008 1826 tum
1017 1763 1121 1828 Civili.
1146 1764 1263 1828 Coram

161 1863 226 1943 illo,
242 1885 358 1948 nempe
380 1865 616 1945 Ecclesiastico,
631 1865 703 1949 lege
722 1887 860 1949 purgare
881 1887 915 1929 se
927 1867 1108 1947 juramento
1130 1867 1264 1951 jubetur

132 1999 134 2004 ·
162 1968 288 2047 mulier,
300 1967 335 2031 in
347 1989 443 2032 causa
458 1974 613 2052 suspectae
627 1968 704 2032 fidei
718 1968 924 2052 conjugalis0.
948 1969 1064 2033 Coram
1074 1969 1145 2048 hoc,
1159 1969 1263 2048 Civili,

163 2071 294 2150 scilicet,
310 2071 381 2154 lege
395 2093 533 2155 purgare
553 2093 586 2135 se
604 2072 800 2155 juramenta
819 2071 954 2156 jubetur
967 2071 1015 2136 vir
1034 2071 1069 2135 in
1084 2093 1181 2136 causa
1195 2093 1263 2136 sus,-

161 2180 263 2257 pectae
273 2174 348 2238 fidei
359 2175 512 2239 socialisl'.
543 2176 643 2260 Cujus
654 2174 779 2258 praxim
789 2174 945 2251 videmus,
963 2175 1023 2258 (est
1034 2181 1142 2239 autem
1147 2175 1264 2256 praeis

161 2282 350 2357 sanctorem,
379 2279 533 2360 interpres
555 2277 794 2360 praceptorum)
826 2277 1044 2341 Ecclesiastici
1073 2277 1203 2360 quidem
1228 2277 1264 2340 in

162 2380 253 2458 Esra,
278 2379 333 2463 qui
352 2381 574 2464 juramentum
600 2380 705 2464 exegit
724 2379 761 2444 in
784 2400 880 2444 cause
905 2379 1139 2458 matrimonii‘13
1163 2379 1264 2443 civilis

162 2483 285 2547 veroin
295 2485 465 2564 Nehemia,
476 2484 533 2568 qui
548 2484 589 2548 ad
600 2485 823 2568 juramentum
835 2483 942 2566 adegit
952 2483 989 2546 in
1000 2482 1262 2559 causafoenoris¹‚

163 2586 280 2670 Neque
297 2608 372 2652 vero
387 2588 595 2671 Magistratui
617 2587 721 2651 solum
735 2586 789 2670 pio
804 2593 836 2649 et
850 2586 999 2669 religioso
1018 2586 1080 2649 hoc
1096 2585 1178 2669 juris
1193 2592 1261 2662 est;

163 2712 275 2756 verum
294 2699 328 2756 et
344 2692 494 2771 Ethnico,
511 2691 607 2775 idque
629 2691 665 2754 in
682 2690 837 2774 populum
858 2690 930 2759 Dei,
975 2689 1131 2753 Praestitit
1149 2689 1261 2755 Nebu÷
1374 2742 1376 2747 .

164 2793 356 2859 cadneazaro
375 2795 598 2879 juramentum
622 2792 794 2857 Zedechias
816 2792 856 2856 de
878 2791 1033 2856 fidelitate
1055 2793 1261 2876 praestanda⁸,

164 2897 296 2963 adactus
310 2897 479 2982 praestitit3
502 2898 564 2962 rite
578 2903 699 2975 tamen,
720 2895 747 2960 si
761 2894 922 2960 Ezechieli
943 2895 1112 2959 credimus.
1158 2895 1263 2978 quue

164 3007 337 3084 cumpost,
354 3023 435 3071 ausu
450 3001 612 3083 sacrilego,
627 2999 744 3064 violare
759 3004 914 3075 tentaret;
937 3019 1003 3062 non
1014 2998 1091 3062 tulit
1104 2999 1262 3082 impunet

164 3103 261 3172 Addo
276 3103 436 3188 denique3
459 3104 538 3169 Non
559 3103 621 3167 hoc
641 3108 773 3167 tantum
786 3101 851 3165 illis
864 3101 960 3166 licere
975 3102 1010 3165 in
1024 3102 1158 3186 populos
1173 3123 1262 3178 su0s3

163 3229 275 3272 verum
295 3212 328 3272 et
350 3207 386 3271 in
410 3207 553 3291 hospites
576 3228 614 3272 ac
636 3205 821 3291 peregrinos
848 3227 974 3289 quoque
998 3204 1086 3270 intra
1108 3205 1263 3269 ditionem

165 3332 267 3390 suam,
282 3311 347 3376 sive
361 3311 554 3389 commercii,
571 3310 637 3374 sive
652 3309 770 3374 chade
784 3329 880 3372 cerusa
893 3309 1060 3373 haerentes.
1106 3309 1181 3375 Quo
1193 3308 1264 3391 ipso

164 3414 305 3494 nomine,
332 3414 492 3499 Josephus
517 3413 652 3498 AEgypti
676 3413 747 3497 jam
770 3413 891 3476 Prorex
913 3413 1134 3495 juramentum
1160 3411 1265 3485 defert

165 3517 318 3582 fratribus
342 3517 416 3597 suis,
444 3517 505 3581 etsi
534 3517 660 3600 legibus
690 3521 724 3579 et
747 3522 864 3578 natura
886 3513 1086 3592 chananaeis,
1111 3513 1148 3577 in
1171 3533 1267 3576 causa

166 3628 322 3705 suspectae
335 3619 556 3705 proditionisu.
600 3620 651 3683 Ex
664 3618 726 3682 hoc
741 3638 816 3701 ergo
834 3617 901 3701 jam
918 3616 1030 3701 liquet,
1053 3623 1125 3680 tum
1141 3615 1266 3697 exigere

166 3723 272 3803 licere,
288 3732 360 3789 tum
374 3725 472 3789 licere
487 3723 586 3788 etiam
600 3721 819 3806 Magistratui.

209 3830 241 3891 3.
266 3828 331 3892 Sed
352 3834 505 3891 utrumne
528 3848 547 3890 a
567 3825 646 3890 reo?
688 3823 797 3908 (Quod
823 3843 895 3886 sum
920 3821 1081 3906 pollicitus
1106 3820 1261 3902 tertium.)

167 3931 239 3995 Nec
261 3931 295 3994 id
309 3930 345 3994 in
360 3930 495 3995 dubium
510 3929 615 3995 vocari
629 3934 744 4012 potest.
788 3925 891 3991 Exod.
906 3924 981 3990 xxii.
999 3927 1028 3987 1.
1045 3923 1266 4006 Depositarius

160 4055 241 4115 pora
255 4055 311 4098 reo
326 4039 386 4098 est.
416 4035 549 4098 Numv.
564 4035 615 4096 19.
632 4031 754 4096 Mulier
762 4030 828 4094 viro
840 4029 985 4113 zelotypo
1000 4035 1146 4111 suspecta
1156 4025 1266 4092 uiolati

275 4151 287 4184 ¹¹
304 4150 382 4201 Exod.
394 4153 457 4202 xxii.
470 4155 493 4202 8.
835 4149 847 4181 ‘¹
864 4147 917 4197 Esr.
930 4163 953 4196 x.
966 4149 987 4197 5.

277 4215 283 4247 ¹
304 4216 344 4266 Pa
357 4215 449 4265 lxxxii
460 4220 482 4266 6.
835 4221 844 4246 ¹
862 4210 927 4261 Neh.
938 4227 962 4260 v.
974 4212 1013 4260 12.

275 4289 292 4312 ¹
303 4283 319 4330 2
331 4280 424 4331 chron.
436 4282 488 4330 xlx.
501 4283 524 4331 8.
836 4285 844 4308 ¹
861 4279 876 4325 2
888 4275 979 4326 (ihren.
991 4276 1074 4325 xxxvi.
1087 4279 1109 4325 9.

275 4353 288 4376 ¹¹
304 4345 370 4394 Eecl.
381 4345 436 4394 viii.
448 4347 471 4394 2.
835 4343 844 4372 ⁸
861 4340 951 4390 Erech.
963 4340 1023 4390 xvii.
1037 4343 1076 4402 18,

275 4409 382 4459 ⁰Num.
395 4424 418 4459 v.
432 4411 470 4460 19.
835 4413 847 4436 ¹·
865 4404 925 4456 Gen.
938 4405 1004 4454 xliii.
1016 4407 1039 4456 3.

276 4483 287 4515 1’
304 4473 383 4541 Exed.
395 4474 459 4523 xxii.
472 4476 495 4524 8.

941 4567 966 4614 n
988 4554 1009 4614 2
