2970 4914
281 264 349 328 208
630 276 805 327 nnsrousro
828 277 871 324 ln
892 275 991 324 mrsu
1007 275 1056 322 ru.

281 445 331 502 cst
354 444 445 501 actus
467 435 522 499 hic
536 435 785 521 Archiepisoopo
800 435 955 520 specialis.
1000 431 1149 497 Eundem
1171 433 1259 496 enim
1275 438 1387 496 actum

281 549 409 606 exercet
435 541 629 625 Episcopus:
653 548 721 604 tam
742 540 806 619 hic,
821 539 855 602 in
880 537 1008 602 dioecesi
1023 557 1090 614 suo,
1113 525 1282 620 Synodum
1307 557 1387 601 oon-

280 652 382 723 vocat,
400 667 496 727 quam
511 643 565 708 ille
579 644 614 707 in
625 641 797 728 pmvincia.
835 641 1040 723 Quanquam,
1057 639 1084 701 si
1104 659 1176 703 vere
1190 638 1279 722 loqui
1293 639 1385 703 volu-

279 769 363 826 mus,
394 746 592 811 convocandi
620 746 766 831 Synodos
793 744 903 809 neutri
932 741 1077 827 specialis
1111 748 1201 805 octus
1229 749 1289 822 est,
1320 742 1384 805 nisi

280 850 445 934 delegatus
461 871 481 913 a
495 849 655 932 Principe,
671 849 764 932 cujus
778 848 850 930 lege
864 852 997 910 cautum
1011 850 1061 908 est
1075 844 1116 908 de
1131 843 1260 908 Illicitis
1276 844 1385 909 Colle-

279 952 370 1035 giisn.
404 953 463 1030 Tu,
479 973 538 1035 pro
551 957 610 1015 tua
624 949 804 1034 prudentio,
813 948 896 1012 nihil
908 947 962 1011 hie
973 946 1104 1029 quidem
1115 946 1203 1010 vides
1218 966 1381 1029 apparere,

279 1075 337 1118 cur
350 1055 401 1119 vel
414 1076 472 1138 per
486 1053 622 1138 gratim
636 1053 820 1118 conferetur
834 1056 985 1134 potestas,
1000 1048 1051 1113 vel
1069 1069 1127 1132 per
1141 1048 1298 1113 Ordinem
1312 1070 1382 1113 non

278 1159 472 1223 conseratur.

326 1262 439 1325 Obelos
468 1261 580 1324 tertios
605 1266 655 1323 est
681 1258 722 1323 ad
744 1264 900 1342 negatum
922 1257 1152 1340 Episcopatum
1178 1256 1277 1319 dioioi
1292 1256 1382 1339 jocis

278 1385 357 1428 esse.
402 1363 571 1441 Concedis,
586 1363 762 1444 Apostolici
776 1381 863 1426 esse:
886 1361 933 1424 At
954 1359 1015 1424 tibi
1036 1359 1071 1422 id
1092 1381 1159 1423 non
1181 1359 1269 1435 satis,
1284 1365 1323 1423 ut
1338 1359 1382 1424 sit

278 1466 388 1530 divini.
432 1466 501 1528 Nec
515 1466 596 1528 enim
607 1485 673 1547 quor
687 1465 863 1546 Apostolici
868 1464 956 1546 juris
970 1469 1052 1542 sont,
1068 1463 1167 1526 divim
1180 1463 1289 1525 statim
1303 1483 1380 1528 esse.

277 1569 356 1647 Nec,
371 1571 421 1632 vel
434 1568 520 1649 opmd
532 1589 597 1647 nos,
614 1569 668 1650 qui
682 1568 822 1650 quodum
845 1587 911 1650 quo
934 1567 973 1630 ob
986 1567 1147 1648 Apostolos
1160 1570 1282 1628 statuto
1293 1573 1380 1645 sont,

278 1692 340 1734 ooo
358 1672 574 1734 obsecramus:
598 1671 676 1735 Non
692 1669 780 1734 enim
798 1670 920 1734 viduos.
964 1669 1104 1733 Nullum
1122 1667 1169 1732 ibi
1183 1674 1381 1752 praeceptum

278 1775 351 1858 lego
373 1773 532 1838 desiduis
555 1772 718 1838 creandis:
741 1772 797 1836 sed
818 1773 957 1856 Epheso,
981 1772 1047 1853 sed,
1064 1794 1135 1856 quae
1148 1772 1260 1836 viduas
1279 1771 1381 1836 habe-

278 1877 368 1955 bant,
398 1877 561 1955 Eoolesiis,
588 1881 784 1959 praeceptum
814 1875 855 1940 dc
884 1897 996 1940 earum
1024 1882 1119 1940 aetate
1128 1888 1150 1938 ⁰.
1197 1874 1379 1939 Viduarum

277 1979 464 2043 institutum
480 1979 596 2062 cuique
609 1978 762 2043 Ecclesiae
782 1978 932 2043 liberum.
977 1979 1055 2043 Non
1070 1979 1156 2042 euim
1172 1976 1380 2042 arctabantur

275 2080 387 2144 viduas
403 2081 495 2160 alere,
511 2080 574 2143 nisi
589 2100 660 2163 quae
674 2079 842 2156 volebant3
865 2101 907 2143 ne
921 2086 1069 2163 poterant
1090 2080 1219 2163 quidem
1235 2079 1277 2143 ali
1292 2080 1379 2163 opud

275 2184 448 2249 tenuiores.
492 2186 524 2248 2.
547 2183 622 2248 Non
640 2203 756 2247 morem
770 2184 858 2247 illum
882 2184 920 2247 de
942 2183 1042 2269 tribon
1057 2189 1257 2265 ootqootoor
1271 2185 1379 2247 eadem

275 2289 353 2350 toro
362 2286 657 2369 prophetantibus».
701 2286 748 2350 At
757 2286 1026 2350 extraordinarius
1040 2287 1136 2369 plane
1150 2306 1220 2350 mos
1233 2285 1289 2350 isse
1303 2286 1377 2366 fuit,

275 2395 308 2452 et
324 2389 379 2472 qui
393 2387 644 2453 extraordinario
660 2387 745 2452 dono
759 2387 928 2451 desinente
938 2387 1042 2452 desiit.
1087 2389 1118 2452 3.
1134 2388 1208 2452 Non
1222 2389 1379 2452 obstinere

275 2512 295 2554 a
310 2493 461 2573 sanquine
475 2496 506 2554 et
520 2489 672 2572 suffocato
681 2501 706 2552 (¹.
751 2489 797 2552 At
816 2488 877 2553 hoc
899 2489 1130 2572 temporarium
1151 2488 1223 2566 fuit,
1239 2510 1300 2553 nec
1314 2490 1378 2555 ulio

276 2593 316 2658 ab
345 2592 511 2676 Apostolis
543 2592 652 2656 animo
678 2597 849 2671 statutum,
880 2613 977 2675 quam
1008 2600 1055 2670 ut,
1078 2592 1224 2656 nondum
1250 2593 1378 2676 sepulta

278 2697 458 2779 synogoga,
474 2693 539 2756 vim
562 2693 713 2770 haberet3
737 2692 871 2776 sepulta,
897 2693 1007 2758 liberae
1027 2700 1109 2758 esset
1133 2693 1376 2758 observationis.

275 2799 421 2862 Primum
443 2797 585 2861 hicnon
607 2794 841 2874 necessarium
864 2797 1042 2860 secundum
1066 2819 1133 2862 non
1155 2796 1353 2861 ordinarium
1365 2820 1374 2873 ;

274 2901 405 2965 tertium
420 2920 494 2964 vero
508 2897 747 2980 temporarium,
763 2919 823 2962 nec
836 2906 1036 2982 perpetuum.
1081 2900 1141 2962 Jos
1155 2899 1293 2962 diuinum
1307 2900 1377 2964 hoec

273 3023 341 3066 non
352 3006 509 3065 statuunt.

320 3104 403 3181 Quo,
420 3101 647 3185 Apostolorum
662 3121 704 3164 ne
719 3100 772 3177 sit,
788 3101 886 3165 etiem
901 3123 962 3167 nec
978 3104 1100 3169 Christi
1121 3111 1317 3187 preceptum
1333 3104 1375 3168 de

274 3205 465 3270 excutiendo
487 3204 617 3286 pulvere
640 3203 739 3268 divini
757 3205 842 3288 juris
856 3205 903 3269 vis
919 3227 996 3272 esse.
1042 3209 1088 3272 At
1102 3208 1164 3272 hoc
1178 3213 1374 3292 praeceptum

273 3330 341 3373 non
356 3313 415 3371 est.
462 3306 526 3370 Sed
542 3306 569 3369 si
578 3297 784 3391 pracceptum,
798 3307 899 3372 divini
910 3310 1003 3392 juris.
1049 3311 1128 3375 Non
1142 3310 1239 3386 enim,
1250 3309 1373 3392 opinor,

272 3410 361 3489 dicis,
378 3409 543 3474 Christum
557 3429 615 3472 suo
628 3410 801 3491 prudentio
815 3431 914 3490 osum,
931 3412 1045 3493 absque
1059 3413 1168 3496 afficto
1183 3413 1296 3490 divino,
1312 3411 1373 3475 hoo

272 3513 469 3596 praecepisse.
514 3512 622 3575 Nemo
646 3512 681 3575 id
695 3534 840 3596 unquam
865 3511 947 3577 κατὰ
973 3512 1088 3598 tortor
1112 3514 1291 3592 intellexit3
1322 3514 1374 3577 vel

270 3617 332 3680 hoo
348 3621 549 3699 argumento,
567 3614 652 3697 quod
667 3614 839 3699 aliquando
854 3615 1065 3693 observatum,
1083 3617 1252 3700 aliquando
1267 3622 1373 3677 muta·

269 3726 351 3796 tum,
377 3716 548 3801 aliquando
576 3715 706 3798 penitus
735 3717 899 3780 omissum.
944 3719 1023 3782 Non
1055 3719 1198 3801 iuquam,
1225 3714 1310 3780 κατὰ
1332 3712 1369 3779 τὰ

269 3819 374 3905 ῥητὸν,
391 3820 446 3883 sed
463 3819 545 3882 κατὰ
562 3814 620 3897 τὴν
634 3814 777 3881 διάνοιαν
787 3827 807 3881 ¹.
846 3816 981 3882 Διάνοια
996 3827 1104 3885 autem
1118 3821 1190 3899 fuit,
1206 3817 1371 3883 habendos

269 3944 327 4005 pro
342 3920 525 4002 deploratis,
542 3918 608 3981 sive
623 3918 768 3983 adhibita
782 3940 820 3982 ee
835 3922 1034 4000 oaercmonia,
1052 3923 1117 3986 sive
1131 3920 1353 4005 praetermisso.

314 4023 378 4086 Sed
403 4023 529 4104 porcius
553 4021 617 4084 ista
639 4027 749 4084 tamen
773 4021 813 4084 de
836 4021 996 4103 Apostolos
1019 4044 1098 4105 scope
1117 4024 1370 4106 prudentiorne

267 4125 342 4186 osis.
388 4123 569 4187 Periculose
584 4121 681 4231 enim,
697 4123 748 4187 vel
763 4122 891 4203 dicitur,
906 4125 957 4188 rel
973 4125 1133 4204 scribitur,
1151 4125 1320 4209 Apostolos
1334 4125 1369 4186 in

300 4323 312 4346 n
331 4314 409 4375 [vire
421 4313 482 4364 cos.
494 4314 539 4364 ub.
551 4315 568 4363 i.
586 4315 626 4364 ut.
639 4315 677 4364 m.
695 4315 712 4365 1.
722 4313 772 4379 m]
821 4370 825 4377 ,
871 4323 883 4353 r
902 4317 972 4380 [Aet.
985 4318 1072 4380 spos.
1086 4335 1124 4368 xv.
1138 4319 1188 4383 so]

299 4388 310 4413 ⁰
329 4379 356 4441 [1
369 4378 434 4427 Tim.
445 4393 467 4454 r.
481 4379 516 4441 9.]
871 4388 880 4413 ¹
898 4382 939 4430 Ad
951 4381 1070 4431 litteram.

299 4452 310 4483 Ρ
328 4444 355 4508 [1
370 4442 424 4492 Gor.
438 4457 487 4492 mr.
500 4440 550 4505 st]
693 4504 698 4515 Ι
870 4451 879 4476 ¹
898 4444 937 4494 llx
948 4446 1074 4509 loquentis
1085 4451 1177 4497 mente.
