2970 4914
269 247 336 310 mo
609 262 782 310 aasrousro
804 264 847 310 aa
870 264 965 311 urisn
982 263 1031 310 111.

270 417 356 499 quod
386 416 525 480 Ordines
555 418 603 480 illi
629 440 705 482 suos
735 426 859 503 septem
889 420 1075 484 terminant.
1122 421 1217 484 Circa
1248 422 1376 504 Corpus

270 521 403 598 Christi,
420 521 613 584 tantundem
630 522 708 586 facit
724 523 896 606 Presbyter
917 531 1074 606 quantum
1090 523 1278 606 Episcopus.
1325 526 1377 588 'l'u

270 625 337 707 ipse
351 625 413 689 hoc
428 625 526 688 dieis:
550 627 599 687 De
613 627 673 703 lais,
687 626 792 708 qaoad
805 627 924 706 Corpus
938 627 1065 703 Christi,
1076 627 1221 689 Ecclesia
1231 628 1376 690 Romana

269 748 363 790 annm
381 728 520 791 ordinem
539 727 636 809 sarit.
681 729 760 792 Non
790 729 931 792 eundem
942 754 951 804 3
976 750 1102 811 nempe,
1130 730 1158 791 si
1181 736 1376 812 potestatem

270 838 394 913 spectes
417 832 457 894 ad
472 839 580 895 actum
595 832 735 914 aliquem
751 832 932 914 specialem,
950 853 1021 915 quae
1036 833 1078 895 sit
1093 832 1253 915 Episcopo
1275 854 1375 914 pecu-

269 935 368 1012 liaria,
389 943 468 1018 puta
487 935 668 998 ordinandi.
715 935 796 999 Haec
808 942 857 998 est
871 956 929 1017 per
946 935 1098 998 Scholam
1120 941 1225 998 totam
1240 935 1376 999 Ordinis

270 1038 424 1116 definitio,
441 1060 507 1102 non
522 1059 604 1114 mea,
619 1045 658 1100 ιιι
679 1045 717 1100 tu
738 1037 937 1101 autumabas.
984 1037 1048 1101 Sed
1070 1045 1175 1120 neque
1190 1037 1375 1116 discrimen,

271 1142 357 1224 quod
378 1141 460 1205 mihi
478 1149 549 1224 post
568 1141 701 1223 affingis.
746 1141 775 1203 E
793 1140 910 1204 Schola
925 1146 1000 1203 sunt
1015 1147 1151 1222 utraque
1175 1147 1208 1203 et
1229 1140 1376 1203 definitio

270 1251 303 1306 et
318 1244 499 1308 discrimen.
546 1244 626 1306 Haeo
641 1243 711 1322 tibi,
729 1242 785 1327 qui
797 1242 837 1305 ad
861 1243 1011 1305 Scholam
1027 1243 1214 1325 provocasti,
1231 1243 1257 1304 si
1274 1243 1376 1306 Scho-

269 1344 381 1408 lastica
396 1344 484 1426 loqui
498 1344 636 1422 volebas,
653 1365 820 1426 nunquam
835 1351 927 1406 erant
942 1343 1099 1425 neganda.

314 1449 476 1514 Quorsum
492 1455 610 1526 autem,
626 1469 692 1510 esse
705 1447 766 1511 tibi
781 1469 850 1510 rem
866 1447 987 1526 asseris,
1004 1448 1166 1528 disputare
1181 1454 1211 1510 te
1227 1449 1377 1511 adversas

270 1549 463 1630 Pontificios,
487 1551 540 1630 qai
560 1551 787 1631 Episcaporam
806 1551 954 1613 Ordinem
978 1570 1043 1612 esse
1059 1551 1166 1612 dicant
1185 1551 1341 1613 diversam
1356 1573 1377 1613 a

270 1652 510 1732 Presbyterati?
548 1651 615 1717 Qui
630 1652 741 1715 statim
757 1651 942 1735 subjungis3
959 1652 1013 1715 An
1028 1653 1118 1715 debni
1133 1655 1167 1716 in
1177 1674 1228 1716 eos
1248 1654 1377 1736 (nempe

270 1755 468 1836 Pontificios)
496 1756 609 1833 inveni,
637 1756 721 1836 qnod
741 1755 961 1836 Episcopalem
991 1757 1140 1818 Ordinem
1166 1778 1227 1819 non
1248 1755 1377 1837 faciant

270 1859 425 1920 diversam
451 1879 471 1920 a
498 1859 722 1940 Presbyterati,
751 1879 820 1920 cnm
846 1879 884 1921 ne
906 1859 943 1920 id
967 1860 1089 1940 qnidem
1107 1859 1237 1940 saciant
1262 1866 1378 1923 nostra

270 1961 429 2024 Ecclesia.
451 1959 726 2042 Hocqnisaceret,
739 1967 876 2024 nontam
886 1982 955 2024 cam
965 1961 1111 2025 Ecclesia
1120 1963 1272 2039 Romana,
1284 1983 1377 2042 qnam

270 2084 339 2126 cnm
362 2069 502 2127 nostrate
531 2065 719 2146 constiperet.
766 2063 920 2146 Disputas
949 2085 1026 2146 ergo
1055 2071 1176 2142 contra,
1208 2071 1241 2126 at
1264 2064 1376 2127 invehi

269 2178 379 2234 tamen
401 2191 468 2233 non
485 2170 541 2232 vis.
588 2169 743 2252 Disputas
769 2175 882 2232 contra
907 2168 1104 2245 Pontificios,
1128 2175 1161 2231 et
1184 2168 1375 2232 Pontificale

269 2280 379 2336 tamen
400 2271 541 2338 adducis.
587 2272 741 2355 Disputas
763 2271 911 2334 adversus
934 2291 1007 2333 eos:
1031 2291 1105 2333 cum
1127 2277 1241 2334 vestrae
1263 2278 1375 2333 tamen

270 2375 422 2439 Ecclesiae
443 2375 513 2439 hoc'
527 2375 633 2458 ipsum
656 2374 785 2438 faciant.
831 2374 903 2436 Nec
926 2394 1068 2437 asserere
1089 2380 1200 2438 tamen.
1217 2373 1274 2451 vis,
1298 2374 1378 2455 qnid

270 2478 378 2541 debeat
400 2479 495 2555 credi,
518 2478 575 2540 sed
596 2477 672 2558 qaid
689 2479 804 2539 sentiat
826 2477 971 2539 Ecclesia
994 2476 1152 2538 Romana.-
1192 2497 1264 2559 quae
1286 2476 1374 2539 idem

195 2604 205 2624 ⁴
269 2578 367 2642 sentit
383 2579 467 2662 quod
482 2586 605 2654 vestra3
629 2578 734 2661 quita
753 2577 869 2660 (credo)
893 2577 941 2641 vis
966 2577 1062 2640 credi.
1108 2578 1187 2640 Non
1203 2598 1279 2660 ergo
1295 2597 1372 2640 con-

269 2680 353 2763 fligis
379 2680 672 2744 cumPontificiis:
696 2680 873 2743 nonenim
903 2680 963 2744 tibi
993 2679 1119 2742 animus
1142 2699 1211 2742 cnm
1236 2686 1375 2742 vestrate

270 2784 441 2865 confliyere.
488 2783 614 2866 Religio
628 2782 689 2846 tibi
704 2782 765 2846 erit
780 2783 841 2846 hoc
855 2782 969 2846 facere.
1001 2783 1120 2845 Vestra
1135 2789 1246 2845 tamen
1260 2783 1374 2847 Eccle-

272 2886 328 2966 sia,
344 2887 395 2950 uti
409 2893 448 2950 tu
462 2886 585 2963 fateris,
600 2885 688 2948 idem
703 2885 756 2948 hio
770 2885 849 2949 facit
866 2886 952 2968 quod
968 2887 1126 2950 Romana.

278 3038 280 3044 .
314 2990 433 3051 Melias
448 3009 513 3051 esse
528 2987 618 3065 dieis,
634 2988 682 3049 nti
701 2988 835 3069 sinnatis
850 2989 983 3066 accidas,
1000 2996 1045 3066 nt,
1067 3009 1133 3071 qna
1155 3009 1190 3051 re
1213 2988 1374 3070 differant,

271 3091 392 3152 nomine
429 3091 681 3172 distinpnantnr:
720 3089 832 3152 eadem
868 3097 978 3153 tamen
1016 3098 1088 3174 post
1125 3091 1252 3174 pagina,
1284 3092 1376 3173 quasi

272 3192 442 3270 subiratus,
476 3193 559 3274 qnid,
593 3192 716 3274 inquis,
742 3197 902 3272 tantopere
941 3194 1054 3256 attinet
1087 3195 1238 3256 interere
1268 3213 1376 3256 rocam

272 3295 472 3358 discrimini?
517 3294 605 3360 Quid
638 3315 715 3377 ergo
747 3293 866 3358 attinet
899 3295 1026 3377 signare
1055 3317 1157 3375 vocer,
1193 3317 1264 3379 quae
1292 3297 1376 3359 nulli

271 3396 319 3459 rei
349 3396 529 3479 signantur,
560 3395 624 3458 nisi
652 3394 843 3459 discrimini?
886 3397 959 3476 Hoc
991 3397 1017 3459 si
1048 3395 1130 3458 nihil
1160 3397 1288 3474 attinet,
1315 3417 1376 3460 nec

272 3520 348 3562 sane
378 3499 512 3581 signatis
540 3498 599 3577 uti,
631 3519 690 3562 nec
721 3498 854 3562 omnino
884 3519 975 3562 voces
1008 3498 1134 3581 signare
1166 3498 1282 3561 melius
1314 3505 1373 3576 est,

272 3601 430 3665 utendum
446 3609 495 3665 est
511 3601 597 3664 enim
612 3601 747 3678 meliori,
762 3607 834 3664 tum
848 3601 910 3663 tibi
925 3608 997 3664 tum
1012 3600 1114 3663 nobis.

316 3707 382 3769 Cur
396 3725 511 3767 vocum
533 3710 643 3766 tamen
659 3703 829 3766 discrimen
843 3703 896 3766 hic
913 3703 1045 3785 rejicis?
1071 3701 1157 3785 quod
1173 3703 1272 3764 omnis
1287 3703 1373 3781 ordo,

272 3808 389 3891 inquis,
413 3808 456 3869 sit
474 3807 603 3888 prodas.
650 3805 739 3870 Quid
758 3807 853 3868 tum?
885 3826 958 3868 cum
978 3805 1083 3868 omnis
1104 3803 1221 3888 gradus
1245 3825 1311 3866 non
1332 3804 1375 3866 sit
1463 3800 1470 3806 ”

273 3911 359 3987 ordo,
391 3910 416 3970 si
445 3909 574 3972 vocibus
604 3909 737 3990 signatis
762 3907 812 3970 uti
841 3908 997 3970 volumus.
1043 3906 1243 3970 Diaconatus
1273 3907 1375 3970 Paulo

185 4004 189 4012 ’
273 4011 391 4092 gradus
415 4016 473 4087 est,
495 4009 644 4091 idemque
667 4009 745 4072 ordo
763 4008 847 4091 apud
867 4029 997 4085 omues;
1030 4013 1063 4072 at
1086 4006 1375 4070 Archidiaconatus

274 4112 392 4193 gradus
408 4119 456 4173 est
471 4133 583 4190 novus,
600 4133 661 4175 nec
675 4119 786 4174 tamen
801 4111 888 4174 ordo.

314 4214 382 4275 Nec
401 4215 504 4293 possit
526 4214 700 4294 Episcopns
724 4213 832 4276 ordine
861 4212 985 4290 moveri,
1010 4213 1084 4292 pain
1110 4211 1214 4292 prada
1240 4212 1377 4274 encidat.
1458 4249 1461 4257 ·

271 4315 372 4397 Atqui
387 4315 489 4396 gradu
505 4316 648 4378 excidere
662 4322 778 4398 potest,
790 4322 827 4378 ut
837 4315 949 4378 ordine
960 4335 1027 4377 non
1043 4320 1226 4376 moveatur:
1244 4313 1377 4376 omnino

271 4419 358 4482 enim
368 4419 480 4482 ordine
490 4419 609 4503 moveri
617 4425 805 4500 nonpotest.
825 4419 903 4481 Post
913 4417 1000 4480 enim
1010 4417 1119 4499 (quam
1131 4415 1253 4498 dicunt)
1263 4415 1375 4497 ‹legra-
