2970 4914
51 4596 169 4634 *ι

235 264 275 328 12
618 279 736 329 conam
758 279 800 327 m
823 277 953 327 amnon

231 443 354 500 temere
378 442 489 500 tamen
514 441 724 519 augurantur.
781 433 935 511 Omnino,
961 433 1025 497 nisi
1049 433 1152 497 deseri
1178 433 1334 498 stationes

231 538 301 618 has,
322 540 467 623 squalere
486 540 575 604 hunc
591 539 758 616 Ordinem,
779 559 872 602 ruere
887 538 951 600 Res
968 539 1086 602 Sarrae
1101 543 1133 601 et
1153 544 1241 601 retro
1259 537 1332 600 sub·

232 640 336 724 lapsas
347 641 478 705 referri⁰
488 641 646 720 volumus,
656 640 895 704 intercedamus
910 648 1036 724 oportet
1051 663 1109 725 pro
1118 642 1333 723 patm'mom'03

232 744 431 828 inungamus
453 745 540 829 quod
558 745 720 829 reliquum
735 752 784 809 est
806 745 868 808 hoc
888 752 957 808 tam
977 767 1086 808 amaro
1106 766 1199 809 succo
1209 772 1218 823 3
1242 767 1334 807 mon·

233 855 371 912 stremus
382 849 427 913 eis
443 851 594 932 taqueum,
609 849 646 912 in
658 870 754 932 quem
769 869 802 911 se
813 854 974 911 conantur
988 847 1145 921 induere;
1162 869 1223 910 nec
1237 848 1334 911 licere

167 1004 171 1010 .
233 951 279 1015 eis
295 951 381 1036 quod
397 953 539 1036 quotidie
561 951 751 1030 moliuntur,
771 952 835 1014 nisi
856 959 889 1014 et
903 952 1044 1015 Versum
1064 951 1152 1014 hunc
1169 951 1207 1014 de
1228 951 1333 1014 Sacris

234 1054 353 1119 Literis
368 1055 474 1119 delere
491 1055 598 1119 liceat.
707 1122 710 1127 ,

277 1160 349 1223 Nec
373 1180 433 1242 ego
457 1159 521 1222 ista
543 1180 601 1242 pro
627 1158 715 1241 vulgi
736 1157 889 1222 concione
914 1157 1073 1221 dicerem:
1100 1157 1156 1221 sed
1181 1159 1240 1222 soli
1265 1159 1335 1242 jam

234 1283 366 1339 sumus;
390 1267 423 1325 et
438 1261 489 1325 vel
506 1261 559 1324 hic
573 1260 679 1338 hodie,
695 1260 746 1323 vel
763 1281 924 1343 nusquam
940 1259 1076 1322 dicenda
1096 1267 1182 1323 sunt.
1217 1261 1334 1324 Acme

235 1363 365 1448 quidem
392 1363 451 1446 (ut,
476 1361 562 1446 quod
587 1383 638 1425 res
665 1367 724 1439 est,
751 1361 864 1444 fatear)
888 1361 977 1425 labes
1004 1349 1080 1424 haec'
1099 1361 1207 1425 saeculi
1232 1363 1336 1425 nostri

234 1468 318 1531 male
341 1466 450 1543 habet,
464 1465 557 1548 ¹quod
583 1465 628 1528 sic
644 1466 746 1527 Sacra
770 1465 981 1528 devorantur:
1003 1465 1210 1549 (Quanquam
1233 1479 1334 1542 erant,

235 1570 368 1636 omnino
389 1574 491 1646 erant,
515 1575 548 1631 et
576 1567 757 1631 Salomonis
783 1589 910 1651 quoqne
935 1568 1061 1645 saeculo,
1079 1590 1215 1651 quorum
1241 1569 1282 1631 ad
1297 1591 1335 1632 ea

236 1673 350 1738 dentes
364 1671 552 1756 pruriebant
562 1671 582 1753 z)
608 1671 653 1734 At
668 1670 749 1734 illud
769 1671 882 1754 magis,
900 1672 986 1755 quod
1000 1693 1060 1734 nos
1075 1672 1131 1734 illa
1146 1672 1192 1734 sic
1208 1671 1335 1735 absumi

239 1774 380 1859 quotidie
405 1774 506 1858 tepidi
530 1780 563 1837 et
588 1781 740 1849 tacentes,
758 1774 913 1854 videmus,
938 1776 1025 1859 quod
1048 1776 1230 1839 devoramus
1244 1776 1334 1839 deaa-

236 1879 375 1941 rata'oaes
389 1878 458 1956 has,
475 1884 507 1940 et
526 1876 622 1960 (quod
639 1877 784 1960 queritur
798 1878 972 1960 Apostolus
983 1878 1004 1960 3)
1042 1879 1079 1941 st
1099 1880 1167 1960 qais
1189 1900 1244 1941 aas
1266 1899 1338 1941 eae·

238 1981 349 2060 datad
372 1982 441 2064 qaia
462 1981 507 2043 ad
521 1967 751 2042 mendicitatem
766 1980 900 2062 redipat,
915 1982 1141 2045 antiaemmr:
1180 1983 1336 2045 Omnium

238 2105 313 2148 vero
328 2084 465 2167 pessime
486 2083 579 2172 illud,
595 2084 680 2167 quod
702 2105 758 2147 aas
779 2085 841 2165 ipsi
861 2086 917 2147 aaa
937 2087 1022 2168 ipsos
1040 2086 1137 2168 (quod
1150 2087 1210 2168 fit)
1232 2087 1336 2148 Clem-

240 2188 324 2252 bom'a
338 2187 388 2250 his
399 2187 611 2251 comedendos
621 2187 763 2270 quotidie
779 2187 996 2271 bibendosque
1010 2189 1227 2272 propinamus.
1259 2190 1338 2252 Non

220 2290 285 2354 'sic
299 2290 354 2354 fiet
370 2291 455 2374 quod
469 2291 626 2368 volumus,
647 2311 714 2353 non
733 2290 789 2353 fiet
810 2311 896 2354 sane.
942 2291 1065 2354 Votum
1083 2292 1261 2356 multorum
1276 2301 1334 2371 est,

238 2401 273 2458 et
298 2415 407 2458 meum
431 2415 506 2458 cum
531 2394 653 2473 multis,
682 2394 791 2457 Clamas
815 2414 873 2477 per
895 2394 1003 2458 omnia
1025 2395 1132 2458 doctas
1158 2396 1336 2478 doceasque.

240 2496 313 2561 Fiat
336 2498 477 2562 Domine
502 2498 591 2576 Jesu,
617 2498 675 2561 fiat
701 2498 783 2562 cito:
806 2496 931 2562 Votum
955 2498 1042 2562 enim
1066 2506 1215 2563 sanctum
1240 2507 1337 2584 atque

241 2601 368 2667 salubre
394 2609 462 2669 est:
489 2602 662 2667 Sedenim
686 2603 714 2666 si
740 2604 841 2667 Sacra
867 2610 977 2669 nostra
1003 2604 1048 2667 sic
1072 2626 1189 2682 arrosa,
1220 2626 1336 2683 arrasa,

242 2725 372 2782 semesa,
389 2726 482 2769 exesa
501 2706 652 2789 patimur,
668 2707 793 2776 Votum
813 2706 909 2770 inane
925 2714 957 2770 et
977 2707 1116 2770 irritum.
1162 2707 1338 2770 Pharaonis

241 2806 405 2871 dementia
418 2807 481 2870 fuit
495 2808 584 2872 haec:
611 2809 832 2873 Sacrificatum
847 2809 948 2873 voluit
963 2809 1122 2886 Domino;
1146 2830 1257 2873 verum
1271 2830 1338 2872 non
1386 2801 1389 2806 ’

240 2910 398 2995 pecudem
423 2911 533 2989 ullam,
556 2932 624 2974 non
649 2919 833 2976 armentum
856 2912 982 2976 educis.
1027 2912 1150 2975 Noster
1174 2911 1227 2974 hic
1251 2933 1339 2975 error

242 3020 309 3078 est:
333 3013 465 3077 demens
486 3034 584 3078 error.
629 3015 685 3078 Illi
706 3015 742 3078 in
764 3015 876 3080 castris
898 3015 1109 3099 prudentius:
1134 3015 1279 3079 Primum
1298 3015 1338 3078 de

245 3119 421 3182 Comawata
449 3117 719 3200 prospiciendum,
748 3126 820 3202 post
847 3119 886 3182 de
911 3120 1020 3183 milite.
1065 3119 1112 3183 At
1140 3141 1199 3184 nos
1225 3121 1339 3183 milites

195 3222 199 3232 “
240 3221 344 3285 indies
369 3220 598 3285 conscribimus
621 3221 751 3299 maltos,
778 3222 888 3301 fortes,
914 3223 1033 3287 bonos:
1061 3223 1267 3286 Commeatum
1293 3223 1338 3286 eis

241 3344 302 3387 nec
313 3330 558 3407 comportamus,
575 3329 608 3386 et
624 3323 679 3406 qui
691 3325 760 3408 jam
776 3331 833 3403 est,
851 3325 993 3407 quotidie
1009 3326 1169 3409 exportari
1184 3325 1336 3400 sinimus;

243 3432 276 3491 et
294 3427 392 3510 (quod
406 3424 465 3510 ego
479 3447 546 3489 non
566 3427 665 3490 semel
684 3427 818 3518 miratus
838 3420 910 3491 sum
928 3428 964 3492 in
984 3422 1102 3492 nostris
1116 3428 1301 3493 hominibus
1312 3429 1333 3511 3)

242 3536 396 3614 perpetuo
417 3531 456 3594 de
471 3530 597 3592 laminis
617 3533 805 3610 acremioae,
821 3531 872 3594 vix
887 3553 1030 3614 unquam
1047 3533 1086 3596 de
1106 3534 1174 3595 Olet
1189 3532 1339 3615 affatione

242 3634 339 3698 verba
363 3633 508 3698 facimus
554 3634 659 3698 Nobis
682 3657 766 3714 vero,
794 3657 891 3718 quam
914 3636 954 3698 de
981 3637 1100 3716 lychno,
1123 3642 1191 3698 tam
1214 3635 1254 3698 dc
1274 3638 1339 3698 oleo

241 3736 460 3802 instituendus
476 3760 579 3803 sermo
594 3745 664 3817 est;
689 3740 955 3804 intercedendum
971 3740 1095 3823 saepius,
1105 3740 1338 3817 vehementius,

244 3862 303 3923 pro
318 3842 417 3904 Sacro
433 3843 579 3920 AEram'o,
596 3863 635 3905 eo
654 3841 852 3925 perducendi
871 3834 1019 3905 homines
1039 3842 1153 3917 nostri,
1170 3863 1233 3924 quo
1251 3843 1339 3904 Salo·

243 3964 322 4006 mon
344 3944 494 4025 perduxit
518 3966 601 4023 suos,
622 3951 660 4008 ut
682 3944 794 4027 religio
817 3945 859 4008 sit
881 3945 953 4023 illis,
976 3947 1154 4027 rettpiosam
1170 3945 1340 4028 quicquam

244 4045 424 4128 attingere;
440 4054 477 4110 ut
488 4049 638 4131 jejunare
653 4047 778 4131 malint,
795 4069 892 4130 quam
910 4069 961 4111 res
978 4049 1095 4111 Sacrae
1109 4047 1285 4131 prandere;
1302 4056 1339 4112 ut

244 4148 439 4230 strangulari
459 4170 494 4212 se
507 4156 634 4232 putent,
651 4149 678 4212 si
694 4150 827 4213 Sacmrm
843 4151 919 4233 quid
933 4153 984 4215 vel
998 4152 1220 4235 imprudentes
1234 4159 1339 4215 trans·

243 4249 401 4332 miserint.
447 4252 488 4317 Id
504 4254 530 4316 si
545 4254 602 4318 fiat
621 4254 740 4338 (quaeso
757 4260 866 4318 autem
881 4276 948 4331 vos,
972 4257 1041 4319 Vim'
1056 4257 1196 4334 Fratres,
1212 4261 1250 4319 ut
1265 4256 1333 4339 fiat)

275 4411 286 4434 ο
306 4403 579 4469 [virg.AEn.ii.169.]
846 4407 933 4471 apra
946 4379 1036 4471 xsm]

275 4475 286 4506 Ρ
303 4467 328 4532 [2
338 4467 391 4518 Cor.
405 4470 439 4519 xi.
452 4471 504 4533 20.]
