2970 4914
261 261 304 324 92
612 270 729 320 corolo
750 269 866 320 mrmn
888 271 1017 334 ιιιιιιιιι,

261 431 296 493 in
310 431 465 512 Reliqniis
480 428 556 507 anie,
573 429 716 512 adeoque
732 435 765 492 et
779 427 815 490 in
831 427 974 490 Hostiis:
1022 425 1051 489 A
1069 431 1170 488 monle
1186 423 1368 507 Sullanae,

262 534 333 613 hoo,
350 556 417 597 non
432 555 452 598 a
468 535 575 597 Sione.
617 533 672 618 (3.)
701 534 769 606 Ono
784 533 925 595 nesciunt
940 531 1048 612 linquo
1063 537 1161 609 orent,
1178 551 1268 594 sacra
1282 533 1367 596 cele-

262 639 369 717 brent,
381 639 447 701 sine
461 643 570 716 menie,
582 639 649 700 sine
655 635 788 719 finclw
806 636 855 719 (Si
869 636 952 699 bene
966 656 1036 698 rem
1050 641 1145 698 norat
1155 634 1330 717 Apostolus
1339 637 1363 719 ς)

263 744 342 807 Νοιι
357 742 401 807 sic
417 743 529 821 orauit,
541 764 608 806 non
622 741 692 805 haec
712 742 843 804 Cantica
860 738 987 803 Sionisb
1004 746 1090 803 runt.
1138 741 1193 823 (4.)
1218 741 1365 805 Innoceni

262 847 298 908 in
314 867 410 929 quem
424 866 485 908 non
500 846 669 908 credunt⁰s
704 847 839 908 Sanctos
855 850 973 923 autem,
989 844 1024 906 in
1040 865 1120 927 quos
1135 866 1202 907 non
1217 846 1363 925 credunt,

264 949 450 1033 diligentius
473 948 674 1032 frequentius
698 949 825 1026 adeant,
853 969 950 1031 quam
974 947 1158 1012 Christum:
1203 950 1243 1011 In
1270 951 1366 1014 Sione

262 1074 330 1116 non
344 1051 407 1116 fuit
421 1051 477 1116 sio.
527 1052 582 1135 (5.)
611 1053 789 1134 Projicionl
804 1073 837 1115 se
852 1058 948 1134 atque
968 1052 1129 1114 inculcent
1150 1073 1257 1116 coram
1272 1055 1364 1134 picta

262 1158 421 1238 scanicae
444 1153 691 1218 similitudinel:
730 1155 810 1218 Sion
831 1153 954 1218 adhoc
978 1161 1081 1218 vestes
1102 1176 1175 1218 suas
1194 1156 1362 1222 scinderet.

265 1259 320 1344 (6.)
344 1259 582 1322 Eucharistinna
596 1257 703 1321 media
716 1264 807 1341 parte
821 1258 984 1320 mutilent:
1019 1257 1061 1320 Iu
1076 1259 1240 1322 ooenaoulo
1258 1259 1364 1322 Sionis

164 1386 166 1391 ’
264 1362 452 1444 neutiquam
474 1361 518 1424 sio
545 1369 681 1444 sumpta,
703 1361 760 1424 sed
781 1361 937 1444 integrat
986 1359 1042 1444 (7.)
1067 1361 1210 1424 Adorenl
1234 1361 1281 1425 ibi
1304 1362 1363 1426 rub

261 1465 418 1547 speciebus
446 1465 626 1527 delitescens
647 1461 799 1542 Names,
824 1463 864 1526 de
889 1461 1025 1546 pistrino
1049 1463 1188 1527 factum:
1220 1464 1364 1528 horreret

262 1569 325 1633 hoo
341 1568 419 1632 Sion
435 1573 468 1631 et
483 1567 577 1650 plane
592 1566 765 1650 resugeret.

307 1671 395 1737 Quid
431 1691 506 1734 oum
541 1671 676 1733 adorant
704 1670 845 1753 positum
876 1692 913 1735 ac
943 1671 1109 1735 sedentem
1140 1692 1235 1754 super
1263 1671 1363 1736 altare

263 1777 385 1856 Papum
400 1773 537 1838 suumssl
561 1773 645 1837 Cum
660 1773 825 1837 hominem
847 1775 895 1857 (ut
909 1775 1092 1858 parcissime
1103 1773 1217 1855 dicam)
1233 1776 1363 1838 circnm-

262 1881 370 1941 dniinn
384 1875 649 1960 infirmitudini,
666 1898 749 1961 saepe
766 1877 964 1957 illiteratum,
981 1900 1063 1961 saepe
1079 1898 1240 1961 spurcum,
1257 1879 1363 1962 saepis-

263 1983 353 2061 sime,
379 1988 476 2066 atque
505 1981 585 2045 adeo
613 1981 720 2060 hodie,
744 1981 956 2045 Canonistam
984 2003 1135 2057 merum3
1173 2002 1247 2044 oum
1276 1982 1364 2045 hunc

263 2091 390 2169 ponunt
413 2084 473 2148 sibi
493 2084 529 2146 in
553 2084 703 2147 columen
725 2083 813 2148 Fidei
834 2090 868 2148 et
889 2085 1076 2167 Religionis,
1096 2091 1134 2147 ut
1158 2085 1213 2166 qui
1234 2091 1365 2166 neqnen
1386 2133 1390 2143 .

264 2209 372 2251 cancre
387 2188 527 2252 seilicet:
562 2187 715 2250 Ferretne
733 2185 811 2251 Sion
825 2187 910 2251 hoc?
956 2187 1049 2251 Nihil
1063 2186 1116 2250 hic
1132 2186 1218 2270 quod
1235 2187 1364 2251 Sionem

263 2292 379 2373 sopiat,
395 2290 477 2353 nihil
499 2290 604 2373 plane.
653 2288 747 2353 Nihil
762 2289 848 2372 quod
866 2289 964 2353 fidem
979 2289 1067 2352 illam
1083 2288 1229 2372 primam,
1245 2311 1364 2368 veram,

264 2396 391 2459 Sanctis
404 2396 498 2458 semel
508 2391 682 2458 eracliani.
705 2394 783 2457 Non
797 2393 867 2457 haec
882 2399 978 2457 castae
990 2392 1080 2456 Fidei
1094 2393 1261 2474 sponsalia.
1285 2393 1367 2456 Fuci

263 2500 437 2565 meretricii
451 2499 590 2563 multum
607 2498 726 2562 subest.
771 2497 849 2562 Non
862 2498 1015 2580 canderet
1030 2497 1201 2580 superista
1216 2499 1315 2561 Deus.

307 2607 359 2669 Ειι
373 2626 449 2669 vero
465 2612 497 2668 et
515 2604 663 2666 Ordinem
683 2602 781 2666 etiam
804 2602 889 2685 apud
910 2623 970 2666 nos
984 2601 1251 2680 Ecclesiasticnnn,
1269 2623 1365 2685 quem

263 2710 314 2773 vel
339 2709 509 2790 Apostolus
535 2706 643 2771 videre
666 2705 753 2784 velit,
777 2706 845 2769 viso
870 2704 1018 2788 gaudeat.
1068 2705 1119 2767 De
1138 2704 1255 2767 Ordine
1283 2705 1364 2784 dico,

136 2856 140 2864 -
264 2834 331 2875 non
353 2812 393 2876 de
414 2810 619 2887 hominibus3
646 2809 739 2891 (nihil
759 2808 876 2872 attinet
885 2808 906 2890 3)
934 2807 989 2891 qui
1012 2808 1121 2890 quales
1145 2808 1255 2891 quales
1278 2818 1363 2889 sunt,

265 2916 405 2979 Domino
425 2935 480 2977 sno
503 2919 590 2976 siant
612 2914 662 2975 nel
686 2909 836 2976 codnntl.
885 2911 948 2975 Sed
973 2911 1012 2974 de
1032 2909 1148 2975 Ordine
1167 2913 1247 2996 ipso,
1269 2935 1366 2998 quem

264 3040 329 3102 prae
352 3039 405 3082 me
430 3017 508 3095 fero,
532 3037 628 3100 quem
651 3015 756 3079 dicere
782 3015 885 3078 audeo
907 3015 1121 3096 Apostolicnrn
1144 3016 1249 3100 plane.
1294 3019 1366 3082 Nec

265 3123 473 3203 Disciplinam
497 3120 598 3203 magis
623 3119 664 3183 ad
685 3127 829 3182 mentem
850 3119 1033 3202 Scripturae,
1053 3121 1193 3205 magisve
1216 3144 1255 3186 ox
1276 3145 1366 3188 more

264 3226 479 3309 institutoque
503 3223 618 3301 Sionis,
641 3243 738 3306 quam
763 3243 834 3304 quae
853 3222 940 3306 viget
960 3223 1013 3287 hic
1036 3226 1120 3307 apud
1143 3248 1212 3305 nos,
1236 3227 1263 3290 si
1283 3227 1366 3290 obti-

265 3335 367 3408 neret,
392 3328 455 3390 nisi
482 3327 560 3411 (non
584 3325 656 3390 dico
678 3347 736 3410 per
761 3326 875 3410 Leges)
902 3348 960 3410 per
984 3327 1148 3410 Leynleios
1174 3330 1367 3395 subnervata

266 3433 345 3496 adeo
360 3432 454 3496 foret.

308 3537 388 3600 Non
410 3535 463 3598 hio
485 3534 592 3598 videas
615 3533 722 3598 media
747 3535 787 3597 de
809 3534 903 3618 plebe
927 3535 1149 3616 Presbytenos;
1176 3536 1260 3600 viros
1281 3538 1366 3602 forte

265 3641 393 3724 probos),
421 3639 477 3704 sed
508 3637 655 3720 artifices,
681 3639 739 3702 sed
768 3640 937 3718 institores,
964 3662 1025 3704 nec
1050 3641 1086 3703 in
1112 3641 1205 3706 Clero
1234 3642 1364 3724 positos,

264 3751 362 3828 atque
385 3745 433 3808 ita
456 3744 617 3825 Apostolis
638 3743 811 3806 inauditos.
865 3744 944 3806 Non
963 3745 1125 3807 Diaconos
1151 3745 1255 3808 Sacris
1280 3768 1365 3809 nun-

265 3870 362 3931 quam
376 3847 530 3926 initiatos,
546 3868 634 3910 mere
650 3846 773 3926 Laicos,
790 3867 925 3922 annuoS,
941 3845 1127 3927 bimulosve,
1143 3855 1215 3932 post
1230 3870 1366 3912 munere

297 4025 307 4047 ¹
322 4016 339 4065 J
341 4032 395 4066 oan.
407 4017 440 4066 iv.
452 4019 491 4066 22.
836 4014 943 4065 Missam
953 4036 959 4074 ς

297 4089 308 4112 ⁸
324 4083 337 4129 1
352 4081 406 4131 (lor.
419 4082 469 4131 xiv.
485 4082 540 4158 [14.
552 4081 606 4144 15.]
868 4081 978 4130 “Adoro
990 4080 1025 4131 'Pe
1036 4080 1133 4141 devote,
1145 4083 1227 4132 latens
1236 4082 1331 4143 Deitas,

298 4144 505 4258 affuimus
518 4145 552 4209 a]
757 4186 760 4192 .
791 4165 794 4171 ·
892 4145 954 4203 Quae
965 4147 1012 4195 sub
1023 4146 1063 4195 hia
1074 4147 1162 4209 figuris
1173 4163 1230 4197 vera
1242 4148 1363 4211 latitas.”]

298 4219 308 4241 ⁰
348 4225 433 4260 omn
447 4212 485 4259 14.
865 4210 1194 4274 ¹[VidaSacrar.Ooerem.
1207 4213 1251 4262 lib.
1270 4213 1313 4262 fol.
1326 4215 1365 4262 12.

297 4274 309 4306 ἂ
326 4274 413 4340 [Ειιοᾶ.
426 4291 468 4323 xx.
483 4275 507 4323 4.
518 4274 580 4339 seq.]
835 4288 857 4323 a.
870 4274 960 4325 Venet.
974 4278 1044 4326 1582.

298 4348 308 4372 ⁸
336 4340 411 4389 Mati.
421 4339 492 4390 xxvi.
504 4339 554 4402 27]
867 4337 1008 4454 :lfiHebu
1021 4343 1043 4389 2.

297 4403 306 4435 ¹
357 4403 792 4466 ideRhythmumS.'l.¹hom.Aquin.
913 4404 953 4453 ud.
968 4405 1042 4468 [vers.
1064 4409 1088 4456 3.

265 4470 294 4519 in
310 4469 407 4520 Missali
427 4468 540 4520 Romarm
560 4469 627 4533 apud
647 4468 715 4519 Orat.
735 4472 793 4533 post
868 4469 968 4520 '‘llom.
982 4470 1032 4520 xiv.
1048 4472 1070 4520 4.
