2970 4914
628 278 801 326 mensem
822 280 867 326 sl»
887 280 985 328 Hm.
998 282 1046 329 111.

165 1088 228 1149 186
285 1090 539 1154 RESPONSIO
565 1092 772 1156 EPISCOPI
798 1093 863 1155 AD
889 1091 1097 1156 'l'ER‘l'IAM
1123 1093 1390 1156 EPISTOLAM

558 1254 562 1259 ·
641 1230 775 1293 PETRI
797 1229 1027 1293 MOLINAEI.

322 1469 394 1530 Eoo
407 1489 483 1531 vero
496 1490 617 1532 serram
632 1468 749 1532 ducere
763 1491 830 1533 non
844 1468 961 1546 didici,
976 1477 1033 1530 ant
1046 1466 1143 1549 (quod
1157 1466 1292 1550 perinde
1307 1469 1383 1550 cst,)

278 1593 430 1654 responsa
448 1573 655 1655 reciprocare.
700 1574 763 1650 Ne,
788 1595 862 1636 enm
885 1573 963 1635 anni
985 1572 1066 1634 mihi
1087 1571 1255 1634 meliores:
1278 1573 1386 1655 Atqui

273 1675 353 1756 jam,
366 1695 437 1756 quae
447 1675 516 1756 ipsa
527 1696 584 1757 per
594 1697 629 1738 se
639 1676 770 1740 morbus
781 1685 841 1754 est,
854 1697 916 1739 nec
927 1676 995 1738 sola
1004 1681 1116 1737 tamen
1124 1673 1214 1736 venit
1224 1694 1384 1757 unquam,

277 1777 328 1840 vel
349 1777 418 1840 sine
434 1777 566 1855 morbis,
593 1786 740 1841 senectus
761 1801 873 1842 aurem
890 1778 971 1841 mihi
990 1777 1091 1853 vellit,
1107 1783 1205 1858 atque
1227 1776 1385 1840 excedere

277 1886 387 1942 monet
402 1901 500 1942 arena
513 1880 583 1958 hac,
600 1888 634 1943 et
655 1881 691 1943 in
713 1902 825 1944 eorum
840 1903 892 1943 me
912 1901 1084 1943 numerum
1099 1899 1285 1960 aggregare,
1302 1901 1385 1963 quo-

275 2003 348 2044 rum
362 1981 547 2045 universum
571 2004 651 2066 opus
672 1994 722 2047 est
742 1983 855 2047 oratio.
901 1983 988 2048 Quia
1001 1990 1122 2059 tamen,
1138 1982 1174 2043 in
1188 1982 1382 2047 velitatione

275 2085 345 2162 hac,
368 2085 455 2147 idem
483 2084 576 2149 nobis
605 2086 750 2169 utrisque
779 2087 926 2168 contigit,
962 2087 1090 2167 (nempe
1120 2085 1203 2147 alter
1247 2085 1383 2149 alterius

275 2195 419 2250 mentem
434 2188 570 2250 assecuti
591 2210 659 2251 non
682 2190 804 2271 sumus)
829 2189 912 2253 facio
932 2210 999 2252 non
1014 2188 1145 2267 invitus,
1161 2195 1199 2250 ut
1219 2189 1382 2270 quomodo

276 2299 314 2352 tu
329 2297 420 2353 tuam
442 2289 533 2367 mihi,
549 2291 662 2355 itidem
682 2313 741 2375 ego
761 2313 867 2355 meam
891 2291 951 2354 tibi
971 2298 1115 2353 mentem
1130 2291 1257 2374 plenius
1272 2293 1381 2375 plani·

173 2435 177 2442 -
278 2415 380 2477 usque
395 2394 597 2476 patefaciam.

320 2496 531 2559 Levissimum
542 2496 576 2559 id
591 2505 651 2576 est,
661 2497 747 2580 quod
761 2496 902 2580 primum
917 2495 1075 2558 occurrit:
1099 2496 1194 2578 plane
1209 2496 1298 2560 enim
1311 2519 1381 2562 non

276 2619 426 2681 assequor
441 2599 599 2682 quomodo
614 2600 730 2663 fuerim
746 2599 935 2662 commotior.
980 2598 1052 2660 Nee
1067 2597 1155 2660 enim
1170 2599 1380 2664 commovisse

275 2723 327 2765 mc
342 2703 512 2786 quicquam
531 2703 666 2767 memini
686 2704 726 2767 de
743 2702 828 2779 tuis;
851 2724 893 2766 ne
916 2702 1052 2765 movisse
1074 2702 1221 2785 quidem:
1244 2712 1378 2785 praeter-

275 2826 371 2886 quam
401 2806 486 2888 quod
515 2817 573 2868 tua
601 2805 749 2888 quaedam
772 2805 891 2882 dixisti,
919 2806 1016 2887 Regis
1041 2807 1179 2868 animum
1194 2809 1377 2889 pupugisse.

275 2906 417 2988 Pupugit
439 2906 496 2968 illa
518 2927 571 2969 mc
596 2906 701 2970 fateor
720 2906 880 2984 nonnihil,
896 2914 993 2989 atque
1016 2908 1189 2972 commovit
1207 2910 1377 2993 pungendi

274 3008 401 3070 vocula:
426 3009 596 3085 Praeterea,
613 3008 700 3090 quod
715 3008 859 3085 memini,
874 3008 968 3072 nihil.

316 3109 444 3172 Fixerat
470 3109 511 3173 ad
537 3110 672 3173 Librum
697 3118 792 3173 tuum
817 3110 925 3174 obelos
951 3118 1017 3174 tres
1042 3112 1270 3176 serenissimus
1293 3115 1373 3179 Rex.

274 3214 323 3277 De
343 3213 442 3276 obelis
463 3213 503 3275 iis
528 3212 639 3276 scirea
653 3234 705 3276 me
720 3213 860 3291 voluisti,
878 3235 948 3297 quae
968 3236 1040 3279 mea
1058 3237 1158 3294 mens,
1176 3217 1253 3299 quid
1273 3219 1374 3282 senti-

272 3337 360 3380 rem:
384 3315 542 3399 respondi,
559 3316 644 3399 qnod
669 3338 720 3380 res
742 3323 820 3395 erat,
836 3317 893 3381 ubi
915 3319 997 3380 fixus
1020 3340 1039 3380 a
1062 3319 1152 3401 Rege
1169 3319 1292 3398 obelus,
1316 3322 1374 3406 figi

272 3419 429 3484 debuisse.

315 3525 458 3588 Notatus
475 3523 557 3602 Regi
572 3523 675 3606 primo
689 3523 778 3587 locus
794 3524 832 3586 de
846 3544 953 3586 vocum
968 3522 1030 3607 (ita
1044 3533 1082 3587 tu
1101 3525 1251 3608 loqueris)
1265 3529 1372 3606 paesi·

231 3625 237 3647 ¹
271 3631 377 3692 vitate.
422 3630 493 3711 Ego
519 3627 635 3690 merito
657 3624 806 3691 notatum
829 3627 903 3690 dixi.
951 3628 1025 3706 Hic,
1042 3635 1080 3691 tu
1102 3637 1245 3692 mentem
1264 3651 1371 3694 meam

272 3741 432 3797 assecutus
447 3753 513 3794 non
528 3753 578 3794 es:
601 3731 734 3813 perinde
746 3731 834 3795 enim
849 3732 974 3815 accipis,
991 3753 1029 3795 uc
1042 3733 1071 3794 si
1086 3739 1189 3814 tepor
1203 3735 1260 3796 illa
1275 3736 1371 3798 tacite

270 3836 377 3900 neseio
396 3834 473 3918 quid
496 3836 623 3897 innuere
647 3834 806 3897 dixissem.
852 3836 897 3898 At
919 3834 953 3897 id
976 3836 1057 3898 mihi
1078 3835 1114 3898 in
1135 3844 1278 3900 mentem
1302 3859 1370 3901 non

269 3938 365 4001 venit.
411 3938 488 4001 Non
515 3937 590 4015 dixi,
615 3937 691 4019 quid
722 3945 760 4000 tu
785 3937 831 4000 ibi
854 3938 1016 4011 innuerem
1040 3939 1096 4001 sed
1119 3939 1197 4021 quid
1218 3941 1276 4002 alii
1297 3942 1370 4004 inde

269 4041 446 4121 arreptori:
471 4040 639 4122 Arrepturi
661 4040 747 4102 enim
770 4047 866 4117 certe,
890 4041 979 4122 quasi
1002 4041 1163 4120 innueres,
1185 4063 1369 4126 quanquam

268 4166 334 4207 non
350 4144 485 4220 innuas3
508 4151 545 4205 ut
559 4143 706 4206 homines
721 4150 806 4222 sunt,
819 4151 919 4226 utque
934 4151 1078 4207 mentem
1092 4144 1223 4208 habent.
1268 4147 1369 4229 Equi-

268 4246 350 4324 dem,
375 4244 506 4328 perinde
529 4245 627 4327 accipi
649 4266 742 4309 voces
764 4245 845 4324 illas,
867 4267 903 4308 ae
928 4246 1061 4329 proinde
1083 4269 1157 4310 vera
1178 4247 1276 4311 fuisse
1300 4257 1366 4326 tua,

267 4371 332 4411 non
353 4370 390 4411 co
416 4348 547 4410 inficias.
592 4350 643 4411 Ro
669 4348 800 4425 inficias,
826 4370 897 4431 qnae
919 4371 993 4412 vera
1016 4356 1102 4428 sunt,
1119 4351 1227 4413 omnia
1249 4353 1367 4434 passim

266 4453 321 4516 obs
337 4451 445 4534 quovis
461 4450 601 4529 homine,
619 4451 730 4532 quovis
745 4459 897 4534 tempore,
905 4453 995 4516 libris
1010 4453 1174 4535 literisque
1186 4461 1258 4518 tuto
1273 4478 1366 4519 man·
