2970 4914
245 261 289 324 66
592 273 709 323 corvom
730 273 847 323 mnus
869 273 998 338 nanim,

245 436 391 495 emerem
411 426 566 493 domimum
583 436 682 493 morte
704 430 860 493 intereant
874 431 917 508 bi,
933 436 964 493 et
978 430 1154 494 visitaverit
1173 451 1225 494 eos
1231 429 1347 513 pinpo,

246 555 307 616 pao
330 539 360 598 et
384 534 488 597 ceteri
513 534 638 596 visitari
661 534 796 596 solent&
819 540 965 598 revocate
989 554 1058 596 rem
1084 533 1120 596 in
1141 533 1285 613 dubium,
1302 555 1345 597 an

246 637 367 701 scilicet
393 638 468 720 Ipse
492 636 553 700 sit:
582 637 641 699 Sim
669 656 779 700 moram
803 656 869 698 rem
890 634 1007 717 fecerit
1035 637 1130 715 Deus,
1161 657 1277 721 eosque
1304 636 1346 700 ad

246 762 350 804 unum
364 761 476 804 omnes
489 739 681 823 protraxerit
696 738 737 802 ad
754 759 893 823 poenam,
910 738 951 801 ad
965 739 1073 803 tristes
1088 739 1202 818 exitus,
1217 759 1346 803 omnes:

249 844 286 907 Si
309 843 520 926 subsequatur
544 862 608 920 eos,
630 863 649 905 a
669 847 762 925 tergo
787 841 869 906 ultio
892 840 1009 920 divina,
1032 863 1093 906 neo
1116 842 1201 906 sinat
1223 863 1286 920 eos,
1309 842 1347 905 iu

246 968 334 1030 pace,
367 953 481 1024 morte,
504 944 556 1009 vel
579 951 717 1022 matura,
748 945 799 1009 vel
822 944 915 1022 sicea,
938 943 1054 1008 deduci
1077 944 1119 1008 ad
1144 946 1346 1029 sepulcrum

246 1050 283 1113 in
301 1050 363 1114 hoc
384 1049 491 1114 scietis
512 1049 617 1132 plane,
632 1047 719 1132 quod
737 1047 897 1112 Dominus
914 1049 980 1130 ipse
997 1054 1054 1128 est,
1074 1048 1130 1132 qui
1143 1051 1274 1113 salutem
1288 1050 1347 1112 dot

246 1153 390 1236 Regibus.
445 1152 530 1219 Quia
552 1173 662 1215 mamus
684 1152 815 1215 Domini
837 1171 961 1233 egresso
986 1157 1033 1215 est
1062 1159 1172 1216 contro
1195 1173 1257 1217 eos.
1300 1153 1348 1216 Et

247 1255 376 1340 quidem
398 1254 446 1320 ita
466 1276 500 1320 se
521 1276 573 1319 res
593 1254 711 1318 habet:
732 1255 821 1319 Nam
843 1254 899 1337 qui
921 1255 1040 1319 vallum
1061 1255 1142 1318 illud
1160 1255 1276 1340 triplex
1293 1255 1349 1338 (de

247 1359 420 1442 quomodo
437 1358 518 1421 mihi
537 1358 671 1440 mentio)
692 1357 840 1442 disjicere
862 1357 940 1434 ausi,
956 1357 1034 1441 quid
1055 1358 1119 1422 illis
1137 1359 1258 1423 factum
1272 1360 1346 1423 est?

250 1462 357 1527 Sheba
371 1461 449 1545 quid
463 1461 594 1540 factum,
605 1460 661 1544 qui
673 1482 807 1524 manum
819 1460 925 1524 levare
940 1482 1043 1539 ausus,
1056 1467 1089 1524 et
1104 1460 1183 1525 tuba
1197 1462 1349 1544 clangere

249 1571 362 1628 contra
372 1563 552 1629 Davidem?
600 1564 701 1644 Caput
715 1564 780 1645 mm
794 1564 920 1626 miserem
934 1568 981 1627 est
988 1583 1051 1644 per
1064 1562 1212 1628 mummi.
1259 1563 1347 1630 Quid

249 1688 324 1731 vero
349 1667 503 1744 Shemei⁰‚
527 1665 582 1749 qui
611 1687 705 1729 ausus
734 1665 856 1749 aperire
879 1687 923 1745 os,
948 1673 982 1729 et
1004 1666 1193 1732 maledicere
1217 1667 1350 1732 Christo

249 1769 406 1835 Domini?
453 1771 532 1833 Comi
554 1770 619 1851 m'us
641 1789 709 1832 cum
730 1770 879 1851 samaim
901 1770 1027 1834 demissi
1047 1777 1121 1835 sumt
1142 1773 1187 1835 od
1200 1770 1347 1853 iaderae.

250 1873 338 1940 Quid
360 1893 455 1958 porro
477 1872 646 1938 Eunuchis
663 1872 738 1952 illis,
753 1872 809 1956 qui
823 1879 952 1936 tantum
966 1874 1135 1938 versabant
1149 1875 1267 1954 animo,
1283 1897 1351 1959 quo

249 1997 364 2041 manus
378 1976 414 2039 in
431 1978 554 2060 Regem
568 1975 761 2040 mitterent?
805 1976 945 2058 Appenni·
958 1984 1031 2041 sumt
1045 1979 1079 2041 im
1086 1979 1260 2061 patidolm.
1304 1980 1350 2043 Et

249 2079 328 2162 quid
353 2078 459 2143 adhuc
482 2079 610 2143 dicam?
655 2079 815 2143 Deficeret
843 2100 895 2143 me
923 2089 1051 2165 tempus
1080 2088 1283 2146 enarrantem
1307 2082 1351 2146 de

249 2183 370 2262 Baana,
394 2189 427 2246 et
450 2179 612 2246 Rechab¹2
636 2180 676 2244 de
690 2181 845 2246 Abselom
867 2189 900 2246 et
913 2184 1142 2268 thitophclss:
1166 2185 1205 2249 de
1219 2185 1352 2251 Adonis

249 2290 282 2349 et
292 2286 313 2348 J
314 2282 411 2350 oahh:
428 2283 468 2349 de
478 2282 590 2348 Zimrii
600 2291 633 2348 et
645 2285 667 2347 J
668 2283 815 2349 osabadJ:
831 2285 871 2350 de
882 2286 1021 2371 reliquis,
1034 2287 1090 2372 qui
1101 2309 1212 2353 omnes
1221 2290 1350 2374 Regum

249 2409 380 2452 suorum
404 2387 579 2472 perniciem
602 2386 707 2452 moliti
730 2394 816 2467 suut,
839 2389 895 2473 qui
918 2410 1030 2454 omnes
1051 2391 1224 2456 inhonesta
1244 2401 1352 2458 morte

248 2491 422 2574 perierunt,
439 2497 472 2555 et
487 2490 635 2555 abierunt
650 2491 691 2554 sd
705 2490 811 2556 locum
827 2513 938 2556 suum:
962 2514 1099 2577 quornm
1113 2496 1268 2576 omnium,
1279 2496 1353 2562 haec

249 2614 316 2658 una
330 2593 421 2678 quasi
435 2615 496 2658 vox
516 2601 564 2658 est
572 2619 583 2672 ς
606 2593 724 2658 Nostro
740 2597 886 2677 carmelo,
903 2617 994 2678 quom
1014 2597 1102 2661 Deus
1115 2597 1252 2682 neptim
1264 2602 1352 2664 solu-

252 2702 314 2760 tem
328 2698 394 2776 dot,
410 2717 496 2760 memo
511 2698 577 2760 illis
594 2699 771 2760 mortalium
793 2697 917 2781 adferre
936 2700 1060 2764 addent.
1106 2702 1217 2766 Cornu
1238 2704 1352 2769 salutis

252 2819 320 2864 suae
338 2799 446 2863 Deum
466 2799 547 2863 dixit
569 2797 710 2863 David¹¹:
733 2806 819 2864 recte
841 2800 934 2866 dixit.
963 2803 1030 2881 ,De
1052 2824 1153 2868 cornu
1174 2806 1270 2880 enim,
1299 2808 1353 2891 (de

253 2901 320 2965 ima
334 2901 403 2985 ejus
418 2909 451 2965 et
465 2922 542 2966 cava
554 2902 656 2986 parte)
674 2902 747 2966 fuso
761 2902 842 2982 oleo,
857 2904 951 2968 unxit
966 2926 1041 2970 eum
1055 2905 1166 2973 Deus¹.
1211 2910 1352 2975 Eodem·

254 3024 316 3086 qne
339 3024 439 3068 cornu
466 3004 660 3087 (seminato
675 3005 794 3069 sufficet
810 3007 878 3090 ejus
897 3008 1037 3094 fastigio)
1056 3011 1222 3076 ventilavit
1240 3013 1352 3079 hostes

253 3107 322 3190 ejus
344 3107 443 3186 Deus,
466 3114 499 3171 et
524 3107 672 3190 protrivit
693 3108 868 3174 universos.
914 3111 976 3191 Ita,
998 3119 1089 3196 parte
1112 3114 1221 3194 altera,
1236 3116 1354 3199 Repeto

245 3208 348 3290 fecit.-
372 3208 483 3289 altera,
495 3212 627 3274 salutem
642 3211 739 3274 dedit.
783 3212 868 3277 Vere
884 3214 993 3279 Cornu
1007 3216 1119 3280 salutis
1135 3218 1244 3283 Uncto
1259 3241 1329 3285 suo,

296 3313 351 3377 Ne
362 3333 437 3376 vero
451 3333 507 3377 vos
520 3312 649 3397 longius
663 3313 799 3379 habeam
814 3315 849 3379 in
864 3318 964 3396 imit,
978 3318 1102 3383 vidistis
1120 3321 1255 3406 (opinor)
1270 3323 1352 3407 jam,

253 3424 287 3481 ct
302 3437 400 3501 quare
410 3417 537 3501 justum
552 3417 593 3481 sit
608 3418 693 3502 apud
704 3419 821 3499 Deum,
834 3420 976 3505 Regibus
991 3423 1234 3491 salutemdare:
1252 3429 1280 3491 l.
1291 3428 1353 3494 Est

253 3521 340 3585 enim
356 3520 412 3605 qui
425 3520 528 3600 tollat,
548 3521 724 3606 Malignus.
767 3526 800 3587 2.
816 3525 920 3608 Reges
936 3525 1000 3590 Dei
1013 3526 1084 3591 loco
1099 3535 1185 3600 suut.
1231 3530 1264 3593 3.
1281 3531 1353 3596 Ho-

253 3647 314 3689 nor
331 3626 400 3709 ejus
421 3624 528 3708 agitm
551 3625 587 3689 in
611 3646 723 3690 eorum
742 3629 852 3691 solute.
897 3633 930 3693 4.
953 3630 995 3692 In
1017 3651 1128 3695 eorum
1147 3633 1247 3695 salute
1267 3634 1355 3700 salus

253 3729 389 3793 vertitur
411 3728 587 3792 multarum
616 3729 773 3812 gentium.
818 3731 953 3795 Vidistis
982 3732 1089 3813 etiam,
1114 3741 1147 3798 et
1172 3737 1355 3818 quomodo

253 3833 338 3897 hanc
365 3853 434 3896 rem
449 3832 534 3916 agit3
572 3832 668 3911 dicto,
698 3832 865 3916 factoque:
904 3839 933 3899 1.
961 3837 1101 3920 Fulgore
1127 3860 1185 3903 suo
1212 3841 1353 3909 revelat:

254 3939 285 4001 2.
309 3938 411 4001 'lactu
429 3936 466 4000 in
482 3936 587 4001 fumos
602 3936 695 4000 solvit
710 3937 843 4001 consilia
856 3938 1019 4022 ipsorum:
1043 3943 1075 4006 3.
1100 3943 1233 4027 Sagittis
1247 3951 1353 4010 trans·

319 4163 330 4186 ⁸
345 4155 440 4205 Nnmb.
453 4156 503 4206 xvi.
516 4158 620 4206 28-30.
856 4167 868 4200 ¹
885 4159 910 4225 [2
922 4159 1000 4225 Sam]
1012 4161 1072 4212 xvii.
1085 4161 1147 4228 [m]
1160 4163 1232 4215 xviii.
1245 4165 1308 4231 [la]

318 4217 330 4250 b
347 4223 361 4269 2
374 4220 440 4270 Sam.
452 4235 495 4269 xx.
507 4223 529 4281 1,
539 4223 578 4270 22.
856 4221 868 4256 ¹¹
886 4228 898 4274 1
909 4224 969 4288 Reg.
982 4226 1008 4275 i'n
1022 4226 1071 4290 [26.
1081 4227 1131 4291 ae]

319 4291 329 4315 ⁶
346 4285 361 4332 2
374 4283 440 4334 Sam.
453 4285 504 4360 xvi.
516 4284 539 4336 7.
857 4286 863 4320 ¹
884 4290 910 4353 [1
924 4289 998 4354 Reg]
1011 4291 1062 4341 xvi.
1076 4291 1142 4355 [la]

319 4347 330 4378 ¹¹
348 4348 433 4410 lReg.
444 4349 470 4398 ir.
484 4351 506 4400 9.
884 4355 900 4402 2
914 4353 974 4418 Bag.
985 4355 1029 4404 xii.
1043 4355 1103 4420 [21]

319 4419 329 4442 ·
346 4412 417 4463 Rath.
429 4412 456 4462 ii.
466 4413 506 4474 21,
517 4415 557 4465 28.
857 4416 868 4448 ¹¹
886 4417 950 4468 Psal.
962 4420 1034 4470 xviii.
1046 4423 1068 4469 1.

321 4477 329 4510 f
347 4479 363 4528 2
375 4477 440 4529 Sam
452 4477 486 4528 iv.
498 4477 562 4542 [12]
857 4480 863 4513 ¹
885 4485 898 4533 1
912 4482 978 4534 Sam.
989 4485 1090 4536 xvi.13.
