2970 4914
259 267 302 329 48
642 284 758 333 concio
779 262 822 332 111
844 284 974 332 cnracu

258 445 379 514 tamen,
395 437 422 499 si
436 436 519 501 bene
539 437 613 501 novi
631 438 778 521 inquieta
798 438 999 521 quorundam
1021 437 1190 501 hominum
1213 438 1356 520 ingenia,

260 541 316 624 qui
330 543 412 621 layca
431 541 508 603 dare
521 541 671 604 Ecclesia
684 541 807 620 volunt,
822 562 890 605 non
911 541 950 604 ab
973 562 1011 604 ca
1029 543 1177 622 accipere,
1192 561 1263 620 nec,
1279 562 1357 605 cum

258 644 424 707 dormiunt
438 644 495 723 illi,
506 644 596 709 vobis
611 645 836 709 dormiendum
848 652 906 708 est.
929 645 1042 709 Nolim
1057 645 1205 728 equidem
1218 644 1357 722 irritari3

261 748 346 827 (sum
366 746 454 810 enim
469 747 600 826 avidior,
615 747 751 812 fortasse
771 769 867 830 quam
887 770 945 831 par
964 755 1022 828 est,
1038 748 1125 832 pacis
1134 749 1156 830 3)
1183 749 1240 812 aed
1253 748 1357 811 nolim

257 853 368 913 tamen
383 871 421 914 eo
435 850 542 914 minus
557 851 727 916 observari.

305 953 369 1016 Sed
391 954 542 1036 quicquid
560 955 612 1018 his
631 956 698 1034 fiat,
720 955 860 1019 etiamne
882 955 1065 1039 lymphatos
1087 955 1159 1018 illos
1179 954 1300 1032 feretis,
1316 974 1357 1018 co

253 1056 322 1138 jam
337 1058 485 1121 amentiae
500 1066 595 1140 atquc
609 1058 791 1122 insolentiae
804 1066 980 1141 provectos,
995 1065 1033 1120 ut
1048 1064 1081 1121 et
1098 1059 1305 1121 Sacramenta
1318 1056 1356 1120 in

257 1160 424 1242 superfluis
446 1182 576 1243 ponere,
597 1168 630 1224 et
654 1161 843 1245 Symbolum
859 1161 1080 1244 Apostolicum
1099 1160 1304 1243 proscribere,
1321 1166 1356 1223 et

257 1262 462 1326 Dominicam
473 1263 661 1327 Orationem
676 1271 890 1342 exauctorare,
902 1270 935 1327 et
947 1264 987 1326 ad
997 1284 1132 1326 secessas
1147 1284 1184 1326 ac
1195 1263 1356 1326 tumultus

256 1365 425 1446 populares
454 1365 562 1428 omnia
590 1387 737 1429 revocare
766 1388 834 1430 non
864 1366 1045 1429 dubitent?
1079 1366 1220 1429 etiamne
1244 1365 1356 1428 feretis

256 1466 353 1530 illos?
397 1468 491 1530 Certe
509 1468 536 1530 si
550 1469 619 1531 haec
634 1469 681 1532 ita
694 1469 798 1547 liceat,
814 1490 875 1531 nec
889 1475 1035 1532 occurrat
1049 1468 1100 1531 his
1116 1467 1208 1531 malis
1223 1469 1356 1530 attentio

257 1577 372 1648 vestra,
393 1591 451 1652 pro
474 1572 571 1635 Sione
594 1572 683 1636 brevi
705 1572 807 1635 futuri
830 1593 942 1634 sumus
966 1571 1077 1648 Babcl,
1097 1571 1133 1634 in
1156 1593 1228 1654 quo,
1244 1571 1354 1650 cuivis,

259 1672 382 1754 quidvis
405 1673 536 1756 impune
556 1681 589 1738 et
610 1675 757 1754 scribere,
779 1682 812 1738 et
832 1675 950 1739 sentire
968 1675 1073 1738 liceat.
1118 1675 1263 1738 Primum
1285 1675 1356 1759 jam

258 1775 397 1839 stadium
412 1777 544 1840 decurri.

301 1878 418 1961 Neque
441 1901 516 1943 vero
541 1880 581 1944 ab
603 1881 667 1944 illis
688 1882 784 1946 modo
806 1882 967 1959 attendite,
983 1881 1039 1944 sed
1061 1880 1103 1943 ad
1123 1880 1180 1943 illa
1202 1881 1357 1944 attendite

259 2002 329 2064 quae
344 1991 533 2048 comantur:
577 1985 649 2048 Nec
669 1985 755 2048 enim
770 1991 892 2048 temere
905 1984 1016 2048 omnia
1031 1990 1117 2062 sunt,
1135 2004 1205 2066 quae
1219 2004 1356 2047 causan·

257 2089 321 2162 tur,
337 2106 398 2148 nec
419 2086 514 2149 surda
527 2087 617 2150 vobis
642 2108 719 2151 aure
742 2088 972 2170 praetereunda.
1018 2086 1159 2154 Querela
1176 2093 1269 2150 vetus
1292 2094 1354 2164 est,

256 2206 318 2251 nec
338 2189 407 2271 jam
430 2190 567 2271 querela,
584 2191 638 2253 sed
657 2191 793 2253 clamor:
820 2191 925 2254 Sacris
946 2190 1090 2254 initiatos
1104 2210 1240 2272 perros,
1255 2190 1355 2273 inque

149 2302 155 2313 '
259 2290 416 2353 Ordinem
430 2292 517 2355 hunc
533 2303 680 2355 nostrum
695 2294 811 2357 ascitos
825 2295 1006 2356 amissimoa
1016 2293 1161 2373 popcli⁸,·
1183 2312 1244 2355 nec
1258 2292 1354 2356 modo

257 2393 386 2475 ignaros
401 2395 529 2477 ponitus
545 2402 640 2479 atquc
659 2396 835 2473 illiteratos,
854 2397 911 2460 sed
929 2403 962 2460 et
981 2395 1122 2458 infamiae
1141 2395 1227 2458 notis
1249 2416 1355 2477 asper-

257 2517 318 2575 sos,
335 2518 372 2560 ac
387 2498 476 2561 omni
496 2499 690 2582 flagitiorum
710 2521 827 2582 genere
848 2498 1093 2563 contaminatos.
1125 2498 1170 2560 Et
1184 2518 1261 2561 sane
1276 2497 1355 2561 hinc

257 2600 378 2682 aliquot
401 2601 442 2664 ab
466 2602 569 2679 annis,
584 2602 645 2665 hoc
667 2602 703 2664 in
722 2623 839 2685 genere
862 2602 994 2683 largiter
1016 2606 1181 2683 peccatum
1203 2607 1261 2663 est.
1306 2601 1354 2663 At

253 2703 322 2784 jam
337 2724 414 2766 cura
432 2703 467 2766 id
480 2705 518 2766 fit
533 2711 566 2767 et
579 2705 698 2768 virtute
712 2712 818 2768 vestra
837 2704 985 2786 (Patres),
1000 2710 1039 2765 ut
1054 2709 1263 2766 amoveantur
1276 2702 1354 2765 hinc

257 2803 387 2867 demum
410 2805 506 2868 multi
529 2827 592 2888 quo
614 2805 705 2887 digni
727 2812 812 2869 sunt.
858 2807 988 2868 Bonum
1002 2804 1143 2868 factum:
1167 2806 1305 2868 Factum
1320 2812 1354 2868 et

257 2906 328 2967 Dco
344 2906 552 2987 approbante,
568 2912 601 2969 ct
624 2908 704 2970 coelo
725 2907 862 2982 favento,
886 2914 918 2969 ct
940 2906 1126 2969 hominibus
1149 2906 1354 2969 acclamanti-

255 3005 325 3083 bus,
336 3007 419 3084 Fiat,
429 3004 502 3086 flat.
527 3008 634 3072 Quare
648 3014 686 3069 ut
701 3008 804 3089 magis
815 3007 980 3090 magisque
995 3009 1061 3085 fiat,
1073 3008 1157 3090 quod
1171 3009 1218 3071 ita
1231 3008 1354 3071 factum

256 3109 369 3191 placet,
385 3109 531 3191 precibus
547 3110 630 3192 apud
644 3131 698 3173 vos
714 3111 847 3174 summis
862 3111 1031 3175 intercedit
1046 3112 1200 3175 Ecclesia.

299 3211 447 3274 Proxime
470 3218 542 3293 post
565 3213 632 3290 hos,
659 3214 857 3276 attentionem
879 3221 1018 3277 vestram
1041 3214 1177 3297 requirit
1200 3214 1355 3277 scelerata

134 3352 137 3357 ·
254 3314 310 3376 illa
335 3314 474 3379 Simonis
492 3322 525 3377 ct
548 3316 642 3378 Judac
664 3315 847 3379 fraternitas
859 3342 868 3393 3
895 3317 997 3395 Judac,
1024 3318 1108 3389 Quid
1128 3318 1213 3379 dotis
1234 3316 1353 3379 millib?

257 3417 447 3498 quaerentia,
474 3417 613 3480 Simonis
627 3418 679 3481 vel
700 3419 877 3501 pecuniam,
893 3419 944 3482 vel
962 3420 1103 3502 pejorem
1125 3418 1260 3501 pecunia
1276 3439 1352 3481 con-

256 3519 412 3583 ditionem
428 3520 616 3585 offerentis⁰.
662 3523 734 3585 Nec
752 3523 814 3586 hoc
837 3523 939 3586 solum
961 3523 996 3584 in
1010 3522 1103 3585 nobis
1117 3523 1281 3598 minoritas,
1298 3522 1353 3603 qui

257 3623 301 3686 sic
318 3624 484 3688 Rectorias
499 3632 624 3688 nostras
639 3625 705 3689 fere
720 3627 910 3708 paciscimur
918 3651 927 3702 3
952 3626 1007 3688 sed
1030 3632 1062 3688 ct
1079 3625 1162 3707 apud
1177 3647 1232 3687 vos
1247 3625 1354 3705 Majo-

255 3728 346 3804 ritas,
379 3749 458 3809 quos
488 3728 534 3790 sic
563 3729 737 3791 Cathcdras
765 3736 894 3806 vostras,
925 3749 1041 3810 nempe
1066 3728 1117 3790 vcl
1145 3727 1353 3809 pecuniarum

257 3830 401 3907 summis,
417 3830 467 3892 vel
482 3830 698 3892 Ecclesiarum
718 3830 823 3912 spoliis
844 3829 928 3892 foede
952 3829 1124 3911 cauponari
1143 3829 1238 3910 vulgo
1262 3829 1353 3891 dicti*

256 3938 338 3993 tant.
386 3933 459 3996 Quo
479 3932 591 3996 morbo
614 3933 698 3994 male
720 3933 789 4015 jam
812 3932 867 3994 diu
890 3939 923 3994 ct
944 3933 1042 3994 habet
1058 3940 1091 3994 et
1106 3932 1195 3994 audit
1210 3932 1355 3994 Ecclesia

257 4039 387 4096 nostra:
434 4035 478 4096 Et
493 4035 634 4114 nunquid
647 4056 708 4096 corr
723 4041 769 4096 est
783 4037 887 4097 resina
912 4036 946 4096 ic
962 4033 1116 4098 Gsseaddt
1141 4056 1238 4116 quare
1253 4034 1355 4116 igitur

256 4157 323 4198 non
339 4142 387 4198 est
402 4135 541 4198 obducta
556 4136 686 4198 cicatrix
701 4138 792 4216 lepra
806 4135 927 4219 hujus?

299 4241 475 4321 Postquam
498 4247 606 4302 autem
629 4263 648 4302 a
663 4241 769 4303 Domo
782 4239 845 4302 Dei
861 4238 1009 4321 coepistis,
1031 4245 1064 4301 et
1086 4239 1165 4301 illud
1181 4245 1299 4316 curate,
1315 4247 1352 4302 ut

287 4401 297 4422 ⁵²
315 4394 340 4454 [l
356 4393 396 4448 (al.
409 4394 434 4455 3)
447 4390 507 4453 Reg.
520 4392 565 4440 xii.
578 4392 631 4454 31.]
860 4400 869 4422 ⁰
888 4391 958 4452 [Act.
971 4391 1058 4455 Apoat.
1071 4391 1124 4440 viii.
1137 4393 1175 4440 18.
1189 4393 1241 4454 la]

287 4455 298 4487 l
316 4456 399 4519 [Matr.
411 4456 480 4504 xxvi.
494 4454 543 4517 15.]
858 4454 869 4485 ‘¹
887 4456 937 4504 Jcr.
949 4455 1002 4504 viii.
1016 4457 1054 4503 22,
