2970 4914
473 291 672 348 aaaomcml
693 301 942 353 omsamamm.
1154 318 1162 331 ι
1194 283 1256 366 163

160 455 324 537 αι’ριιοναι
339 474 404 535 qua
419 455 543 517 sitaera
551 456 736 535 pauiteutia
748 466 770 517 ι.
806 456 872 518 Pro
892 455 1084 517 Occideutati
1099 453 1257 517 sufficiant

160 558 225 621 isti.

205 661 450 744 chrysostomus
469 681 531 741 pro
550 660 713 722 Orientali.
739 661 835 723 Hom.
853 660 893 721 iv.
910 660 946 721 in
961 659 1064 742 Epist.
1082 659 1121 720 ed
1137 659 1255 741 Ephes.

161 760 204 827 Ei
217 760 251 826 δὲ
260 761 314 826 ἐπὶ
328 764 384 843 τῆς
397 761 541 830 eremas
555 765 648 826 reiro
663 759 711 843 ἦν,
726 759 843 847 πόλλῳ
855 764 984 841 μᾶλλον
999 759 1053 825 ἐπὶ
1064 763 1121 842 τῆς
1133 762 1257 840 καινῆς·

161 864 270 930 ...τί
291 864 354 950 ιγάρ
374 863 431 929 οὐκ
457 864 585 929 ἐποίουν
599 863 734 939 dasium,-
758 861 898 941 δεκάτας,
927 862 981 928 καὶ
1002 861 1106 927 πάλιν
1126 860 1260 930 δεκάτας

167 967 300 1054 [ἑτέρας]
321 971 486 1055 παρεῖχον·
510 965 668 1054 ὀρφανοῖς,
684 966 809 1054 χήραις,
824 965 1041 1054 προσηλύτοις
1058 964 1258 1052 [ἐπήρκουν].

161 1070 236 1136 ἀλλ’
261 1072 335 1154 ἐμοί
358 1097 405 1141 τις
428 1069 595 1153 θαυμάζων
617 1069 689 1136 τινὰ
712 1069 813 1152 ἔλεγε,
830 1069 964 1139 δεκάτας
979 1067 1109 1133 δίδωσιν
1132 1067 1259 1134 ὁδεῖνα.

162 1175 267 1255 πόσης
289 1173 447 1264 αἰσχύνης
471 1178 565 1240 τοῦτο
589 1174 688 1256 γέμει,
711 1171 777 1238 eid
802 1172 856 1238 ἐπὶ
877 1176 940 1238 τῶν
960 1171 1122 1238 Ἰουδαίων
1145 1169 1203 1236 οὐκ
1222 1171 1261 1253 ἧν

163 1277 363 1360 θανμασμοῦ,
379 1279 473 1342 τοῦτο
488 1276 543 1342 ἐπὶ
557 1279 620 1342 τῶν
633 1279 839 1362 Χριστιανῶν
858 1275 1045 1357 θαυμαστὸν
1059 1275 1194 1357 γεἰγονεν.
1232 1275 1262 1340 εἰ

161 1380 233 1446 τότε
254 1380 394 1450 κίνδυνος
408 1380 448 1462 ἦν
462 1378 499 1444 τὸ
514 1379 647 1448 δεκάτας
662 1376 844 1453 ἀπολιπεῖν,
861 1377 1010 1457 ἐννόησον
1025 1377 1102 1443 ὅσον
1119 1378 1190 1442 ἐστὶ
1206 1377 1259 1442 καὶ

162 1487 216 1551 νῦν
224 1497 243 1549 ².
288 1485 451 1549 Perfacilis
466 1490 516 1548 est
530 1484 697 1546 intellectu
712 1484 872 1546 sententia
880 1510 890 1561 ;
913 1505 978 1546 non
993 1485 1092 1548 reddo
1108 1485 1236 1547 Latine.

205 1591 256 1654 De
269 1591 478 1672 Hieronymo,
490 1589 632 1650 incertus
647 1609 720 1650 sum
736 1587 844 1664 animi,
858 1587 908 1650 cui
924 1588 1073 1650 Ecclesiae
1089 1588 1257 1665 ascribem3

162 1714 221 1758 nec
236 1692 401 1756 excludam
417 1698 545 1754 tamen:
570 1689 854 1773 Locupletissimus
869 1689 961 1752 enim·
970 1690 1061 1752 testis
1077 1691 1147 1769 erit,
1163 1697 1201 1752 ut

372 1826 421 1884 Qui
433 1840 515 1876 mores
525 1825 659 1875 hominum
672 1825 811 1874 multorum
823 1824 890 1874 vidit
901 1829 926 1875 et
937 1826 1035 1874 arbes·.

164 1944 216 2008 Sic
238 1943 338 2026 igitur
361 1942 416 2005 ille·
442 1942 477 2003 in
501 1941 546 2004 iii.
576 1941 716 2006 Malach.
748 1941 886 2022 (omitto
910 1942 997 2005 enim
1017 1943 1194 2024 Epistolam
1219 1943 1257 2004 ad

161 2047 280 2129 Nepot.
326 2043 393 2108 Ubi
415 2065 448 2106 se
463 2043 541 2106 dicit
556 2044 595 2107 de
612 2044 738 2106 decimis
753 2043 910 2125 viverebz)
948 2044 1001 2107 Sic
1016 2044 1123 2107 hebet.
1173 2045 1262 2117 Quod

160 2151 197 2212 de
206 2149 344 2212 Decimio
364 2146 603 2229 [primitiisque]
624 2147 770 2220 dicimus,
784 2166 850 2228 qua
859 2147 932 2208 olim
943 2147 1099 2209 dabantur
1114 2168 1133 2208 a
1142 2149 1259 2228 populo

161 2250 390 2326 Sacerdotibus,
407 2270 445 2311 ac
459 2249 588 2325 Levitis,
601 2250 635 2310 ia
650 2249 800 2311 Ecclesiae
815 2269 933 2330 qaoque
941 2250 1069 2330 populis
1083 2251 1257 2330 iatettipite,

161 2356 269 2438 quibus
286 2358 477 2434 preceptum
492 2358 547 2430 est,
563 2373 624 2414 aaa
638 2354 736 2414 solum
752 2353 887 2413 decimas
910 2352 986 2414 dare
1007 2352 1051 2434 [et
1065 2353 1257 2435 primitias],

160 2459 217 2521 sed
228 2463 259 2520 et
272 2455 401 2518 aeudere
416 2455 518 2517 omuia
534 2453 613 2536 [qua
628 2454 750 2531 lrabeat,
765 2460 795 2516 et
810 2454 887 2516 dare
895 2454 1115 2537 pauperima],
1126 2461 1156 2517 et
1171 2457 1257 2536 sequi

160 2561 326 2644 Domiaum
350 2556 588 2640 [saluatorem]
637 2556 727 2627 Quod
739 2557 767 2618 si
780 2554 890 2638 facere
910 2559 1059 2634 uolumus,
1076 2559 1185 2619 saltem
1199 2559 1258 2619 Ju-

161 2665 295 2726 daeorum
321 2661 477 2722 imitemur
502 2659 642 2742 eaordia,
659 2665 694 2720 ut
715 2659 937 2742 [pauperibus]
953 2665 1079 2740 partem
1100 2660 1205 2721 demus
1220 2661 1258 2722 de

167 2767 241 2850 [leg.
255 2765 307 2847 ea]
325 2769 399 2839 toto,
412 2783 450 2824 ac
460 2762 681 2825 Sacerdotibus
696 2762 747 2844 [ac
759 2763 878 2825 Levitis
888 2762 1045 2845 docorem]
1061 2762 1195 2846 debitum
1205 2763 1258 2825 de-

154 2869 298 2952 feramus
315 2915 321 2929 .
341 2915 347 2928 .
367 2914 374 2928 .
392 2912 399 2928 .
421 2866 510 2937 Quod
521 2866 573 2946 qui
588 2886 648 2927 aou
655 2864 781 2944 fecerit,
792 2865 893 2927 Deum
895 2863 1054 2946 fraudare
1069 2871 1099 2927 et
1109 2867 1258 2946 supplau-

162 2979 230 3036 tare
245 2970 447 3046 conuincitur,
460 2973 490 3030 et
498 2954 696 3030 maledicitur
710 2969 739 3031 ei
753 2969 788 3030 iu
796 2969 932 3050 periuria
949 2968 1080 3052 [reram]
1098 2969 1257 3032 ommium0.

205 3078 305 3140 Recte
327 3074 388 3135 hoc
414 3069 592 3154 (inquiunt)
615 3071 785 3135 sehabet:
812 3072 875 3135 Sed
897 3073 1040 3136 Ecclesia
1060 3078 1173 3154 pecata
1191 3074 1259 3156 jam

161 3186 238 3258 erat,
255 3187 288 3242 et
303 3175 399 3259 coepit
415 3175 558 3237 animum
574 3175 710 3259 adjicere
726 3176 766 3240 sd
782 3197 864 3259 opes.
904 3177 991 3242 Quid
1006 3198 1079 3240 vero
1094 3177 1151 3239 illa
1161 3178 1260 3240 altera

161 3283 220 3346 sub
236 3281 351 3344 cruce?
373 3285 422 3342 iot
434 3278 634 3358 Martyribus
649 3279 808 3360 gloriosa?
839 3280 911 3342 Etsi
924 3280 1072 3362 iniquum
1087 3287 1136 3342 est
1150 3286 1259 3362 postu-

160 3386 273 3461 latum,
289 3389 327 3445 ut
342 3381 444 3444 nihilo
463 3379 595 3444 meliore
618 3386 704 3442 statu
725 3381 766 3443 sit
785 3381 929 3444 Ecclesia
943 3381 1069 3459 florens,
1087 3403 1181 3464 quem
1197 3382 1259 3443 fuit

161 3487 287 3564 efflicte,
303 3493 414 3548 tamen
428 3505 593 3566 nunquam
608 3483 703 3547 hodie
719 3482 890 3565 effugient:
915 3483 997 3546 Illuc
1012 3503 1064 3544 me
1080 3482 1130 3545 do.
1166 3483 1259 3566 Idem

161 3611 285 3673 semper
303 3588 403 3652 sensit
423 3587 566 3650 Ecclesia
584 3587 623 3650 de
639 3586 779 3662 decimis,
796 3594 828 3648 et
845 3587 1091 3666 persecutionem
1108 3607 1209 3667 passa,
1226 3592 1259 3647 et

155 3694 370 3776 persecutione
393 3690 538 3757 liberata.
595 3691 659 3753 Pro
687 3690 881 3752 Occideutali
894 3690 1053 3772 'loquatur
1078 3689 1258 3773 Cyprianus

164 3797 276 3881 (Epist.
292 3795 367 3858 lxvi.
384 3793 425 3857 ad
445 3794 584 3877 Eurnit.)
599 3821 608 3871 ;
650 3793 723 3864 Qua
745 3814 825 3856 uuuc
842 3794 925 3855 ratio
946 3799 976 3855 et
986 3791 1094 3874 forma
1111 3794 1145 3854 iu
1169 3792 1258 3854 Olera

161 3907 290 3978 leuetur,
306 3905 341 3961 ut
359 3899 412 3980 qui
431 3899 465 3959 iu
479 3897 623 3960 Ecclesia
638 3897 766 3958 Domiui
788 3898 983 3959 ordinatione
1003 3897 1117 3959 clerica
1131 3917 1257 3977 promo·

160 4010 278 4081 ocatur,
293 4002 328 4064 iu
342 4003 456 4064 domare
470 4001 710 4081 sportulantium
716 3997 859 4079 fratrum
876 3999 1047 4083 [tauquam]
1060 4001 1206 4063 Decimus
1221 4020 1260 4062 ea

193 4192 204 4223 r
221 4181 330 4248 [neerei
341 4195 394 4242 par.
406 4180 434 4255 fi:
446 4178 517 4255 Ceus.
530 4180 580 4229 xvi.
593 4179 686 4236 Quaest.
731 4179 842 4256 decimis,
850 4183 876 4228 et
887 4178 961 4228 altari
970 4178 1089 4256 serviens
1095 4179 1181 4229 altaris
1193 4179 1259 4256 obla·

160 4244 451 4375 ii'lls'ildlmfllls
464 4243 687 4371 distiti]
731 4249 800 4358 ili?
818 4243 1257 4371 (sermizelles.llil?

160 4349 536 4448 amaipasianmsqa]
578 4437 583 4448 .
680 4346 687 4366 ¹
730 4372 997 4434 commeamus]
1070 4346 1075 4358 '
1251 4346 1257 4367 '

193 4448 203 4470 ¹
221 4440 322 4501 [Horat.
335 4437 416 4500 Epist.
427 4436 460 4485 sd
472 4435 553 4484 Pison.
566 4436 610 4485 lm
621 4436 685 4500 142]
763 4444 772 4467 ⁰
791 4437 825 4501 [S.
838 4437 909 4486 Hier.
927 4437 1023 4486 Oomm.
1037 4437 1064 4485 in
1077 4436 1137 4485 Mel.
1155 4451 1206 4498 cap.
1220 4437 1256 4484 iii.

193 4503 204 4535 ¹³
222 4499 647 4568 [muasihevimeismerdosvivo
656 4501 687 4549 de
732 4501 785 4565 Op,
799 4506 858 4551 tom.
868 4503 900 4552 ri.
913 4503 958 4552 col.
972 4501 1026 4552 978,
1040 4500 1068 4549 Β.
1077 4501 1104 4549 O.
1117 4499 1160 4563 D.]

980 4570 1085 4661 ‘aa
