2970 4914
487 288 688 339 rnrorocrcs
709 290 959 341 ommninsrro.
1209 280 1272 343 133

168 463 237 507 non
251 448 311 522 est,
323 449 357 507 et
372 445 477 508 innan
491 447 602 510 sistere
616 470 683 511 non
696 454 804 532 potest
811 475 821 526 ;
844 450 892 513 ita
906 449 975 512 fieri
990 448 1080 528 solet,
1093 454 1126 513 e't
1141 449 1271 532 quidem

169 545 217 610 ita
231 547 314 609 fieri¹
331 568 462 612 necesse
474 555 531 626 est,
544 557 582 613 ut
593 552 768 614 simultates
779 552 933 631 orientur,
945 573 1013 616 non
1024 552 1120 616 modo
1127 551 1294 632 forenses²
1314 563 1408 626 f‘flat’

168 652 225 729 lae,
244 650 301 714 ubi
323 672 361 714 ex
378 653 454 733 jure
471 673 564 716 mann
588 661 781 729 consertum
806 655 861 719 sed
883 656 982 719 etiam
1005 663 1178 719 cestrenses
1196 656 1271 736 illae,
1284 627 1338 679 MS.
1350 628 1435 694 Harl]

169 752 226 817 ubi
240 775 329 836 nepe
344 753 436 836 ferro
460 777 525 818 rens
546 763 723 838 repetente.
773 758 892 822 Prioris
919 759 1075 823 ieremias
1099 759 1191 823 testis
1211 766 1270 838 est,

171 855 303 934 (lencm.
313 880 363 921 xv.
379 879 443 922 ver.
451 859 513 940 10.)
530 880 689 922 mnrnnnnn
703 859 790 940 iude,
806 862 1046 940 maledictiones,
1062 863 1273 925 contentiones

169 959 311 1025 excitari.
355 961 543 1025 Posterioris
557 962 608 1026 vel
623 963 820 1026 Molinoeusn
844 964 921 1047 ipse,
946 965 1003 1048 qui
1024 963 1161 1047 primam
1182 965 1272 1027 illam

163 1063 266 1143 plebis
280 1085 300 1126 a
314 1065 465 1127 Panibus
484 1067 683 1129 secessionem
704 1065 740 1128 in
763 1067 911 1130 Romana
926 1067 1103 1150 Republica
1122 1089 1189 1131 uno
1209 1067 1272 1131 hoe

169 1167 300 1230 nomine
315 1169 488 1251 contigisse
503 1169 551 1251 (ut
566 1189 617 1232 res
633 1170 693 1251 est)
710 1169 811 1233 libere
826 1177 859 1233 et
873 1171 1013 1253 ingenue
1029 1171 1213 1234 confitetur.

218 1269 278 1354 [2.]
301 1272 458 1347 Secundo,
470 1272 544 1355 quia
548 1274 685 1353 pecnnia
689 1271 809 1354 foenoni
820 1275 972 1357 exposite,
982 1276 1033 1338 vel
1045 1274 1136 1337 diviti
1146 1275 1273 1337 locetur

170 1393 301 1437 necesse
317 1381 374 1452 est,
384 1375 435 1437 vel
450 1376 593 1438 tenuiori.
625 1374 722 1439 Dives
734 1375 801 1439 fere
816 1376 842 1439 si
857 1377 1032 1458 occupavit,
1043 1377 1095 1439 vel
1109 1377 1272 1457 monopolis

170 1476 217 1553 fit,
227 1476 278 1539 vel
285 1478 473 1558 protonola:
491 1498 562 1560 quse
571 1477 644 1556 duo,
661 1477 722 1540 etsi
731 1477 773 1540 ad
780 1485 908 1561 tempus
918 1478 1114 1542 dissimulari
1124 1483 1269 1561 possunt,

175 1578 219 1660 (et
243 1579 373 1662 quidem
399 1588 533 1662 possunt
542 1581 565 1662 ς)
590 1582 842 1662 suppurationem
865 1587 976 1644 tamen
990 1573 1066 1644 ¹fere
1089 1580 1213 1644 faciunt
1234 1580 1272 1643 in

168 1687 255 1743 sicin
274 1682 480 1763 Reipublicn;
503 1705 571 1746 non
593 1683 808 1766 spernendam
829 1683 919 1746 illam
943 1683 1072 1766 quidem
1094 1683 1130 1746 in
1145 1689 1269 1766 pacate,

169 1784 226 1850 sed
240 1806 307 1848 non
321 1785 486 1848 ferendam
501 1786 536 1848 in
551 1786 748 1868 perturbato.
795 1788 928 1849 Tennion
937 1786 1124 1869 plerumque
1139 1785 1167 1848 si
1182 1807 1270 1849 aece-

168 1887 227 1970 pit,
248 1888 315 1951 ruit
337 1910 412 1952 mox
434 1889 469 1952 in
488 1889 627 1972 aliquam
644 1886 813 1970 dispennite
833 1886 1081 1976 ὑπερβασίανοε
1102 1889 1270 1952 insolitum
1305 1890 1309 1895 ’

169 2010 312 2054 sensnm
327 1992 491 2075 conspicit,
501 2013 568 2056 non
582 1993 705 2075 patitur
716 1993 818 2055 animo
833 1993 914 2054 nnnle
928 2013 1008 2070 esse,
1020 2000 1124 2055 unum
1138 1992 1270 2054 hilarem

168 2094 250 2161 diem
275 2095 384 2174 sumit,
416 2095 492 2159 dein
526 2096 681 2173 alterum3
715 2102 787 2178 post
817 2115 977 2158 versunam
1005 2094 1108 2159 facere
1134 2094 1269 2176 cogitur,

168 2208 329 2278 postremo
345 2197 522 2280 decoquere.
544 2198 743 2261 Deeoetionis
753 2197 781 2260 is
795 2197 910 2275 exitus,
922 2197 978 2280 qui
991 2197 1098 2280 priore
1110 2197 1269 2260 Samuelis

168 2319 236 2382 cap.
250 2299 326 2364 xxii.
346 2321 411 2363 ver.
427 2304 459 2364 2.
485 2307 524 2364 ut
544 2300 573 2364 si
596 2300 668 2384 quis
683 2301 806 2382 nynnnn
823 2299 998 2379 sustulerit,
1018 2299 1095 2382 (sive
1113 2300 1141 2362 is
1164 2299 1269 2363 David

167 2401 219 2480 sit,
236 2402 302 2466 sive
316 2402 482 2485 Absalon,)
501 2424 540 2468 eo
554 2402 733 2482 confestim,
750 2402 865 2486 quibus
881 2424 931 2465 res
947 2409 1083 2485 anguste
1107 2402 1194 2465 domi
1209 2408 1267 2480 est,

168 2511 202 2569 et
213 2505 383 2570 confertim
394 2507 567 2571 confluant.
592 2507 688 2573 Quod
698 2506 831 2584 melum,
843 2506 929 2569 inter
939 2513 1008 2568 tam
1019 2505 1147 2569 crebras
1162 2507 1269 2569 decoc-

168 2609 267 2670 tiones
291 2615 425 2687 nostras,
443 2610 589 2675 Politicis
612 2608 731 2672 nostris
746 2630 804 2691 pro
824 2607 887 2670 levi
909 2607 1093 2671 habendum
1115 2629 1182 2671 non
1199 2614 1267 2684 est;

167 2732 227 2774 nec
242 2718 290 2774 est
305 2711 473 2794 quisquam
488 2719 608 2790 tamen,
630 2711 686 2794 qui
705 2711 777 2786 hoc,
794 2709 880 2792 quod
894 2709 1070 2792 nominavi,
1087 2711 1201 2791 pelope
1222 2710 1269 2772 rei

167 2812 333 2879 familiaris
357 2812 556 2897 nonfropinm
573 2814 679 2893 faeiat,
701 2812 757 2897 qui
779 2813 869 2896 prius
889 2812 931 2876 ad
947 2812 1047 2876 limen
1063 2811 1269 2893 foeneratoris

168 2918 390 2985 eooinnnnon
405 2917 547 2981 alliserit.

215 3020 277 3103 [a]
298 3021 415 3098 rlertio,
425 3042 492 3084 non
502 3021 636 3084 interest
646 3021 834 3102 Reipublieoe
845 3016 900 3084 τὸν
910 3017 954 3101 μὴ
967 3016 1173 3105 ἐργαζόμενον
1183 3018 1220 3082 in
1231 3040 1268 3083 ea

163 3121 318 3187 ἐσθίεινῆ
335 3144 451 3206 nempe
462 3130 499 3186 ut
511 3123 661 3206 cuiquam
675 3123 711 3186 in
726 3145 764 3187 es
774 3123 899 3187 homini
915 3123 1031 3186 divitie
1039 3144 1096 3207 per
1110 3123 1266 3201 inertiam,

164 3221 285 3286 insinno
307 3240 346 3283 ex
367 3221 429 3283 olio
449 3226 609 3284 nascatur.
657 3221 729 3283 Hoc
744 3220 772 3282 si
790 3221 838 3283 ita
852 3220 956 3298 detur,
972 3219 1069 3282 Artes
1083 3220 1267 3283 mechanicae

162 3324 322 3407 protinus,
337 3324 484 3386 mencines
505 3322 662 3406 trajectio,
678 3324 785 3385 mnnie
807 3343 940 3405 quaeque
962 3330 1034 3385 tum
1054 3324 1173 3385 rnstion
1193 3329 1266 3384 tum

162 3425 286 3488 arbone
301 3425 498 3488 deserentur.
530 3425 612 3491 Quis
626 3427 724 3488 homo
739 3432 807 3488 tam
822 3425 940 3488 mentis
955 3425 1047 3507 inops
1062 3432 1120 3502 est,
1135 3432 1173 3487 ut
1188 3425 1265 3489 velit

160 3529 265 3593 anano
275 3529 392 3612 jacere,
403 3528 470 3592 dies
483 3529 646 3609 inquietos,
662 3534 772 3592 noctes
787 3529 939 3590 insomnes
955 3526 1079 3604 ducere,
1088 3528 1264 3607 penicnlnnn

156 3628 236 3710 soni,
253 3633 331 3711 coeli,
355 3632 453 3695 enoris
475 3631 572 3710 adire,
597 3631 655 3694 sub
679 3631 811 3715 obscnnn
832 3651 888 3712 spe
899 3656 909 3707 ;
932 3650 1006 3692 eum
1021 3629 1051 3692 ei
1065 3629 1160 3691 liceat
1176 3629 1263 3695 domi

164 3754 238 3796 cnm
254 3735 330 3813 suis,
347 3734 465 3818 absque
487 3735 599 3796 sndore
613 3733 745 3814 frontis,
762 3734 903 3796 concintn
924 3732 1151 3809 meminentes
1173 3733 1230 3795 coel
1249 3771 1262 3782 -

156 3857 233 3903 euno
258 3843 291 3901 et
317 3843 531 3919 tempestatum
555 3836 701 3920 injurias,
728 3838 791 3900 olio
814 3835 936 3920 pingui,
964 3836 1050 3897 lncro
1072 3855 1139 3896 uon
1156 3834 1263 3903 minus

162 3940 284 4023 pingui,
301 3941 551 4005 consenescere?

156 4107 159 4113 ,
214 4042 275 4126 [ln]
296 4044 462 4106 Postremo
471 4043 631 4124 pnblicnrn
637 4040 752 4122 foenns,
764 4040 892 4124 publica
907 4037 1033 4124 θλῖψις.
1065 4039 1264 4121 Sinpnlonnm

160 4146 294 4230 quidem
308 4145 416 4209 fundis
431 4151 464 4209 et
479 4146 616 4210 fortunis
631 4147 743 4224 levata,
755 4144 811 4208 sed
824 4145 1016 4225 sinpnlonnnn
1030 4149 1140 4207 tamen
1154 4143 1262 4208 fundis

195 4299 213 4321 ¹¹¹
229 4290 338 4356 [Ennius
359 4288 427 4352 apud
451 4289 511 4338 Aul.
531 4288 596 4338 Gell.
614 4288 689 4339 Noct.
766 4288 902 4338 oursvem
914 4301 1049 4338 excessum.
1067 4287 1155 4352 [Hom.
1170 4287 1216 4338 od.
1225 4287 1263 4337 iii.
1279 4286 1286 4297 “

152 4353 222 4405 nn.
233 4355 278 4404 lib.
290 4369 333 4403 xx.
345 4368 398 4416 esp.
410 4354 461 4417 10.]
734 4351 806 4414 206]

195 4426 210 4455 ’¹
228 4418 296 4482 [Oar.
314 4417 404 4467 Molin.
425 4417 533 4468 Tractat.
552 4417 690 4468 Commerc.
768 4425 779 4456 Ρ
796 4415 821 4480 [2
835 4415 919 4465 Thess.
932 4415 1035 4479 iii.10.]

164 4483 208 4534 &a
221 4483 299 4534 Num.
309 4482 354 4532 xli.
365 4497 389 4546 p.
399 4480 450 4545 31]
