2970 4914
246 272 288 335 58
589 282 706 331 couc10
727 283 845 332 mrum
866 282 996 346 11111111,

245 441 318 520 illis,
338 441 373 504 in
396 440 460 504 illis
482 441 723 505 conservandis:
747 441 789 505 In
808 440 907 504 nullis
928 440 1031 523 magis
1040 465 1049 517 ;
1072 439 1108 502 in
1129 439 1229 503 nullis
1251 460 1346 524 seque

246 544 411 608 mirabilis.
460 545 513 607 Ita
541 544 645 607 tribus
676 544 727 607 his
763 544 855 626 quasi
885 543 1037 626 gradibus
1067 543 1269 608 ascendimus
1303 544 1345 608 ad

251 649 362 711 mesta
377 655 532 712 nostram.
576 649 647 729 Ipse
662 654 717 726 est,
734 650 787 730 qui
801 649 858 710 dot
872 649 1002 710 satutem
1018 647 1165 729 Regibm.

290 751 434 834 Regibus
455 751 588 833 inquam
610 752 646 814 in
670 772 802 834 genere:
826 752 915 814 Nam
937 750 977 814 de
1000 750 1143 833 Regibus
1158 751 1221 814 Dei
1234 749 1346 828 servis,

246 854 376 918 uberior
390 853 471 917 mihi
486 875 590 918 sermo
604 862 713 932 restat,
726 875 801 918 cum
813 853 854 917 ad
863 853 1059 935 Hypotbeeiu
1070 853 1107 914 de
1119 852 1243 916 Davide
1257 873 1348 916 servo

246 957 327 1039 Ejm
340 964 529 1040 perventum
543 957 649 1021 fuerit.
1305 966 1312 977 '

215 1124 222 1137 ,
289 1061 360 1141 Ipm
381 1067 437 1138 est,
461 1061 514 1142 qui
535 1061 592 1123 dat
613 1062 745 1123 satutem
763 1060 920 1142 Regibus:
946 1059 1020 1142 Ipse
1036 1064 1093 1122 est.
1141 1057 1253 1121 Sciant
1267 1078 1348 1141 ergo

247 1164 361 1248 Reges,
389 1164 442 1228 cui
465 1170 630 1247 acceptam
657 1163 775 1227 referre
802 1163 941 1226 debeant
965 1162 1100 1225 salutem
1131 1183 1232 1225 suam.
1277 1161 1349 1245 Ipsi

246 1267 378 1331 scilicet.
411 1266 484 1329 Nou
498 1265 729 1347 infortitudine
743 1266 834 1348 equi:
859 1264 901 1327 Id
915 1271 973 1342 est,
983 1284 1050 1326 non
1064 1264 1099 1327 in
1114 1264 1261 1346 equitatu
1276 1285 1346 1328 suo.

246 1369 320 1432 Nou
333 1372 367 1432 iu
382 1369 467 1432 tibiis
480 1368 580 1432 viril:
605 1369 646 1433 Id
660 1377 719 1446 est,
735 1391 802 1432 non
816 1368 851 1430 in
865 1367 1011 1451 peditatu
1026 1388 1091 1429 suo.
1123 1367 1196 1430 Nou
1210 1369 1245 1429 iu
1259 1368 1349 1430 uoui-

247 1474 302 1536 dus
320 1474 486 1536 tuarum:
512 1472 554 1536 Id
575 1479 634 1548 est,
657 1493 725 1536 non
742 1473 778 1535 in
800 1472 909 1535 Classe
930 1492 987 1533 sua
1009 1471 1093 1534 salus
1115 1470 1187 1534 illis.
1231 1470 1350 1534 Folium

248 1583 294 1639 est
308 1597 403 1658 equus
417 1577 461 1638 ud
473 1574 642 1639 sulutemd:
667 1575 793 1659 Fragile
808 1582 856 1638 est
870 1573 996 1656 lignum
1012 1572 1052 1636 ad
1068 1573 1216 1638 salutem.
1247 1575 1350 1638 Deni-

248 1700 309 1763 que
330 1680 419 1742 Voua
438 1681 532 1743 Solus
553 1679 712 1743 hominist
758 1679 885 1741 Domini
909 1684 955 1741 est
982 1675 1098 1741 Sulus‘.
1144 1677 1252 1760 Ipsius
1278 1685 1347 1755 est;

249 1783 333 1848 Illuc
348 1783 389 1846 ad
403 1784 516 1866 Ipsum
531 1783 691 1866 suspicite.
738 1782 813 1865 Ipse
835 1788 895 1859 est,
911 1780 966 1864 qu'i
981 1779 1072 1844 vobis
1095 1780 1134 1844 de
1156 1781 1237 1846 coelo
1258 1781 1348 1862 dicit,

249 1886 342 1948 Salus
356 1892 459 1948 uestro
474 1907 528 1968 epo
543 1896 637 1949 sumss.
685 1883 795 1948 Sciant
810 1884 872 1953 hoc
887 1885 1000 1966 Reges.

294 1989 403 2053 Sciant
426 1996 458 2052 et
481 1988 606 2072 Populi,
631 2010 694 2071 quo
717 1987 848 2051 tandem
875 1987 983 2050 oculos
1007 1986 1163 2065 attollere,
1186 1986 1227 2050 ad
1251 2008 1349 2070 quem

249 2090 404 2174 suspirare
420 2091 567 2169 debeant,
584 2112 658 2154 cum
674 2092 796 2173 Regem
812 2090 934 2152 salvum
950 2089 1078 2152 volunt:
1102 2089 1156 2152 Ad
1171 2089 1349 2152 Dominum

249 2194 379 2283 scilicet,
392 2195 482 2278 cujus
497 2202 546 2258 est
560 2197 653 2258 sulus.
677 2193 816 2258 Domine
831 2195 950 2256 saluum
957 2190 1167 2274 sucRepemh.
1197 2192 1352 2256 Hmuuua

252 2299 297 2361 m
312 2299 365 2380 qui
379 2299 412 2360 iu
427 2296 576 2362 emet-risi.

297 2401 406 2465 Sciant
428 2400 562 2465 rebelles
584 2402 619 2465 in
640 2400 765 2485 populis
786 2399 872 2478 binc,
889 2421 1001 2464 exosos
1018 2420 1051 2463 se
1067 2400 1148 2478 Deo,
1164 2399 1230 2482 qui,
1253 2420 1350 2483 quam

252 2506 341 2570 Deus
356 2505 491 2588 Regibus
512 2507 643 2568 sulutem
663 2505 728 2584 dat,
744 2504 866 2588 eripere
888 2503 1084 2567 moliuntur:
1110 2502 1221 2566 Sciant
1241 2502 1351 2567 fideles

251 2609 285 2672 in
300 2608 435 2691 populis,
451 2608 570 2671 amicos
594 2631 626 2672 se
642 2610 723 2685 Deo,
740 2615 772 2671 et
796 2607 856 2670 sibi
872 2608 996 2670 Deum:
1021 2605 1076 2689 qui
1090 2606 1190 2687 Repes
1211 2612 1352 2670 seruatos

251 2711 374 2774 volunt.
411 2711 503 2774 Idem
519 2711 606 2774 enim
620 2711 682 2775 hoc
696 2711 766 2773 vult
782 2712 880 2774 Deus.
923 2710 994 2789 Ipse
1008 2714 1064 2784 est,
1081 2710 1134 2790 qui
1149 2709 1205 2772 dut
1219 2710 1351 2773 sulutem

251 2814 397 2895 Regibus.

296 2916 430 2999 Propius
447 2917 572 2981 accedo.
606 2917 666 2989 Qtii
680 2918 810 2979 salutem
825 2917 889 2980 dut.
931 2916 1074 2979 Salutem
1091 2938 1203 3000 quam:
1229 2917 1351 2983 Quam-

252 3018 332 3082 libet
344 3025 439 3098 certe‚
450 3020 500 3082 vel
508 3019 597 3083 illam
608 3019 815 3098 medicorum,
828 3019 897 3083 sani
907 3019 1010 3101 vegeti
1015 3041 1075 3102 que
1087 3019 1226 3102 eorporis
1239 3027 1352 3084 contra

253 3122 391 3186 morbos.
436 3123 563 3205 Nempe
579 3144 641 3206 qua
651 3123 801 3187 mortales
816 3129 900 3187 sunt.
939 3123 1037 3201 Nam,
1056 3122 1153 3206 (quod
1167 3144 1225 3186 nos
1237 3124 1351 3207 Imago

252 3227 396 3292 Danielis
406 3226 517 3290 docere
528 3228 643 3310 potest)
659 3228 754 3290 Omue
765 3228 931 3309 Imperium
941 3229 1032 3291 luteis
1045 3229 1186 3291 subsistit
1187 3227 1349 3310 pedibusl.

250 3332 294 3394 Rt
309 3332 414 3413 Reges
429 3331 568 3392 thesauri
591 3329 719 3413 quidem
741 3331 849 3414 populi
871 3331 938 3407 sui;
962 3332 1018 3395 sed
1039 3340 1149 3396 tamen
1164 3333 1303 3395 thesauri
1317 3334 1352 3396 iu

249 3435 333 3497 uuus
351 3431 536 3514 fictiliburls
560 3433 669 3511 Proin,
688 3433 751 3497 illis
775 3455 853 3517 opus
877 3435 978 3498 salute
1001 3435 1071 3499 bac.
1117 3436 1240 3499 Verum
1263 3457 1349 3519 ergo,
1437 3468 1439 3472 >

250 3538 299 3601 vel
315 3538 342 3600 si
357 3538 396 3601 de
411 3537 467 3600 illa
481 3536 700 3620 intelligamus
709 3564 719 3616 3
743 3539 830 3602 Nam
851 3545 883 3602 et
903 3539 992 3602 illam
1011 3541 1099 3602 Deus
1117 3538 1180 3601 dat.
1227 3539 1351 3602 Verum

123 3722 127 3729 ἱ
251 3640 397 3724 quidem:
422 3640 477 3704 sed
496 3661 563 3704 non
582 3641 746 3724 proprium
766 3642 861 3725 hujus
883 3643 955 3706 loci.
1000 3644 1059 3706 Est
1077 3642 1164 3705 enim
1182 3643 1265 3705 salus
1281 3643 1351 3708 haec

252 3749 301 3826 (ut
317 3767 350 3808 se
369 3744 467 3808 habet
482 3745 604 3807 Versus
621 3747 741 3828 noster)
760 3746 908 3827 apludio,
924 3768 991 3808 non
1012 3746 1124 3809 morbo
1133 3771 1142 3822 ;
1167 3746 1350 3830 amalignis

250 3848 403 3926 moribus,
420 3847 528 3931 potius
548 3870 644 3930 quam
660 3871 678 3911 a
698 3849 847 3931 malignis
868 3849 1078 3928 humoribus3
1102 3849 1142 3913 ab
1164 3852 1349 3931 externari,

250 3972 317 4013 non
332 3950 371 4013 ab
386 3951 514 4014 interna
528 3948 719 4038 δυσκρασίᾳ.
744 3951 827 4015 Illuc
841 3951 942 4034 igitur
955 3952 1070 4016 medo.
1117 3954 1256 4016 Salutem
1272 3954 1348 4016 dut:

252 4055 390 4116 Salutem
404 4053 487 4116 hanc
503 4055 559 4116 dut
573 4055 727 4136 Regibus:
752 4054 894 4137 Regibus
908 4076 973 4138 prae
988 4055 1121 4119 caeteris.

381 4211 391 4244 1
410 4213 501 4262 Psalm.
512 4214 597 4264 cxlvii.
611 4217 649 4265 10.
952 4226 964 4258 t
981 4216 1072 4266 Psalm.
1084 4232 1161 4267 xxxv.
1171 4221 1194 4268 3.

382 4285 391 4308 ⁰
409 4277 501 4326 Psalm.
513 4278 594 4355 xlviii.
607 4279 629 4330 7.
952 4280 963 4312 1
981 4280 1072 4330 Psalm.
1085 4297 1128 4330 xx.
1142 4286 1164 4331 9.

381 4341 500 4390 tlPsalm.
513 4358 603 4392 xxxin.
616 4344 654 4395 11.
952 4345 957 4376 1
981 4345 1117 4396 Mattxxi.
1131 4351 1152 4397 9.

381 4416 391 4438 ⁰
410 4407 502 4455 Psalm.
515 4407 549 4455 ln.
563 4410 601 4457 11.
796 4466 800 4474 .
954 4410 965 4441 1
982 4410 1045 4460 Dan.
1059 4411 1085 4460 ii.
1099 4415 1137 4462 83.

381 4471 388 4502 1
410 4471 500 4522 Psalm.
513 4472 549 4521 iii.
563 4475 585 4522 8.
952 4474 959 4507 1
982 4480 996 4527 2
1011 4476 1064 4526 Oor.
1077 4477 1109 4525 iu.
1124 4476 1145 4527 7.
