2970 4914
274 258 318 320 26
659 270 776 320 oouo1o
798 271 841 318 uu
864 269 993 318 onnuvn

273 429 329 512 qui
355 427 417 492 nisi
451 427 599 492 hordeum
619 427 836 506 ¹cumulamus,
866 428 986 491 frustra
1016 427 1105 491 boues
1134 427 1377 495 condocefootos

273 532 457 615 quaerimus,
489 533 582 596 Dixit
598 532 772 616 sapientior
788 533 970 612 Salomone,
987 553 1054 596 non
1069 533 1109 596 de
1123 554 1159 597 re
1174 542 1293 611 nostra,
1309 556 1375 602 non

272 643 382 699 tumen
398 635 454 699 abs
466 657 501 699 re
515 642 635 715 nostra,
647 636 694 699 Ni
708 636 751 699 sit
766 636 909 712 cadauer,
922 658 989 699 non
1003 637 1071 703 iore
1087 639 1244 719 aquilasv:
1272 638 1378 702 Nobis

272 740 333 804 hoo
349 740 439 815 dixit,
457 741 512 823 qui
525 740 645 804 frustra
660 741 783 822 aquilus
798 762 973 825 speramus,
987 763 1062 805 eum
1076 744 1211 807 cadauer
1221 745 1374 807 tollimus.

273 844 410 926 Oportet
427 845 541 909 studiis
559 847 750 926 Tieolopieis
772 852 1039 910 auctoramentum
1062 868 1158 911 suurn
1180 869 1259 912 esse.
1303 847 1376 911 Neo

272 947 359 1010 enim
385 948 534 1012 Christus
564 970 638 1013 cum
661 949 805 1034 Collegio
831 972 889 1014 suo
917 950 1099 1014 Biutrioelli
1128 959 1230 1031 erunt,
1257 958 1294 1015 ut
1325 959 1376 1015 est

272 1051 452 1130 definitum,
484 1053 562 1136 quin
586 1050 823 1134 «γλωσσόκομον
849 1053 888 1133 ei,
905 1060 937 1117 et
957 1060 1026 1117 tam
1053 1054 1206 1138 emplum,
1230 1061 1268 1117 ut
1301 1053 1377 1118 inde

271 1177 338 1219 non
360 1157 457 1221 modo
472 1157 625 1221 coemerit
647 1180 717 1241 quae
739 1179 829 1240 opus,
853 1158 910 1222 sed
932 1165 965 1222 et
980 1159 1173 1240 pauperibus
1193 1159 1291 1222 etiam
1308 1179 1378 1221 ero-

271 1259 385 1341 garit&
440 1261 560 1324 Paulus
583 1267 693 1324 autem
711 1282 778 1324 non
800 1261 897 1325 modo
911 1261 948 1324 in
962 1263 1171 1344 eleemosynis,
1191 1262 1246 1325 sed
1272 1262 1376 1324 multo

271 1364 369 1426 etium
385 1364 486 1446 magis
503 1365 539 1427 in
557 1366 760 1451 προσφοραῖς
771 1365 830 1448 (de
845 1365 989 1449 utrisque
1010 1367 1097 1430 enim
1119 1365 1377 1449 intelligendum,

267 1469 337 1551 jam
364 1474 439 1532 ante
454 1469 589 1550 monui)
608 1465 792 1555 ἁδρότηταιι
815 1491 883 1534 esse
907 1471 977 1533 vult
1008 1471 1053 1553 (id
1079 1470 1139 1552 est)
1166 1471 1378 1551 dapsilitatem

274 1571 446 1655 quandam,
463 1568 514 1634 ἐπ’
531 1569 679 1653 εὐλογίας
692 1593 760 1636 non
775 1570 979 1657 φειδομένως,
995 1595 1062 1637 non
1077 1573 1174 1637 modo
1190 1571 1231 1636 τοὶ
1245 1571 1379 1658 irrepi-

271 1698 361 1755 ματα
382 1677 734 1762 προσαναπληροῦσαν,
756 1675 813 1739 sed
835 1676 933 1739 etiam
955 1673 1248 1762 ueproeev'ovaavb.
1294 1677 1376 1739 Tum

273 1778 328 1862 qui
353 1775 524 1862 φιλόξενον
548 1799 638 1862 aeque
663 1799 701 1841 ao
728 1775 908 1842 διδακτικὸν
932 1779 1002 1842 vult
1025 1799 1093 1842 esse
1118 1799 1213 1861 quem
1234 1778 1378 1842 instituit

272 1881 458 1944 Ministrum
469 1891 491 1960 ⁰,
512 1882 556 1965 (et
569 1901 655 1956 vero,
683 1881 711 1944 si
733 1882 904 1965 quiequam
923 1880 1082 1966 inpriore
1101 1881 1173 1944 loco
1190 1881 1377 1964 praejudicii,

272 1983 361 2066 prius
387 1981 558 2070 φιλόξενον
569 1986 589 2067 ε)
618 2005 687 2048 non
709 1985 806 2048 modo
831 2007 850 2047 e
872 2004 983 2047 museo
1006 1984 1202 2047 instructum
1226 1984 1305 2061 vuit,
1337 1984 1376 2046 ad

273 2083 506 2166 διδασκαλίας
531 2088 587 2152 sed
609 2088 650 2152 ab
671 2109 749 2152 orca
771 2088 869 2152 etiem
888 2089 1096 2167 instructum,
1119 2088 1159 2150 ad
1180 2084 1375 2172 φιλοξενίαν.

273 2190 422 2275 Denique
437 2199 470 2256 et
485 2193 647 2256 exaruisse
662 2214 716 2256 eos
730 2192 765 2255 in
780 2191 848 2273 fide
870 2198 990 2271 censet,
1007 2193 1063 2275 qui
1083 2192 1129 2255 sio
1144 2198 1268 2254 tenaces
1282 2197 1376 2254 suot:

273 2301 305 2358 et
318 2295 344 2357 si
355 2295 482 2378 quando
494 2295 667 2360 excreverit
679 2293 906 2377 eommfiuesfl,
916 2302 987 2361 tum
996 2295 1137 2374 demum,
1147 2316 1205 2378 pro
1218 2295 1377 2359 attributo

273 2398 366 2462 nobis
382 2420 512 2478 canone,
529 2399 746 2463 conditionem
765 2405 910 2487 nostram
925 2399 993 2462 fore
1009 2399 1193 2463 auctiorem.
1240 2399 1378 2481 Oportet

272 2521 343 2564 eum
358 2523 426 2565 esse
444 2504 528 2566 Cleri
543 2502 770 2587 conditionem,
781 2523 852 2586 quee
866 2503 991 2565 invidie
1007 2502 1058 2580 sit,
1074 2524 1141 2566 non
1155 2503 1377 2565 misericordie

271 2605 421 2669 finitimo.

315 2708 469 2772 Veterem
487 2710 640 2772 Curionem
654 2708 770 2772 videte.
804 2709 1053 2772 Couseerutioois
1067 2729 1142 2792 pars
1157 2730 1232 2786 una,
1248 2709 1376 2781 suctim

271 2810 381 2890 alteru,
394 2832 539 2874 munuum
553 2813 691 2893 impletio
702 2836 712 2886 ;
729 2819 772 2890 et,
784 2811 841 2875 ubi
850 2812 1009 2895 posterior
1018 2811 1137 2889 deficit,
1149 2811 1236 2893 prior
1249 2831 1375 2894 quoque

272 2915 482 2979 desideratur.
551 2917 607 2980 Itu
636 2916 696 2979 sub
735 2917 839 2979 Mose.
885 2914 1008 2978 Invidit
1045 2915 1188 2978 Dathon.
1245 2915 1375 2978 Habeat

270 3025 397 3102 oportet
412 3041 505 3082 suum
522 3021 644 3081 0*va
663 3018 782 3102 (idest)
799 3019 956 3096 cerarium,
973 3024 1006 3080 et
1020 3015 1128 3078 'inies
1145 3017 1264 3100 (idest)
1278 3038 1373 3098 penu.

270 3122 324 3185 Ita
337 3122 397 3186 sub
407 3122 540 3187 Doride.
586 3120 702 3185 Aeeiui
713 3121 794 3185 fiant
805 3128 942 3204 oportet,
952 3120 1083 3204 plurimi
1095 3123 1209 3200 acerui,
1220 3126 1283 3183 ΠῙΠ
1293 3124 1373 3201 rien,

270 3224 312 3288 ad
341 3247 468 3308 mugnae
490 3227 701 3289 multitudiuis
725 3226 856 3290 instare.
902 3226 957 3288 Iie
983 3223 1043 3288 sub
1066 3225 1215 3289 Ezechie.
1259 3226 1375 3308 Neque

269 3350 344 3392 vero
358 3329 433 3392 laeta
447 3329 550 3412 magis
564 3328 671 3408 facies,
689 3350 785 3412 quam
810 3328 869 3391 sub
889 3327 1026 3409 Repibus
1040 3327 1102 3406 his,
1119 3328 1173 3411 qui
1189 3327 1325 3408 dapsiles
1339 3328 1375 3390 in

269 3431 398 3494 Levites
409 3432 622 3496 exstiterunt:
638 3433 755 3517 Neque
764 3434 933 3496 vero'tetra
945 3431 1051 3514 'magis
1067 3437 1123 3494 aut
1133 3431 1262 3494 funesta
1275 3431 1373 3494 facies

269 3535 466 3616 Reipublicae,
493 3557 589 3619 quam
616 3535 675 3600 sub
699 3535 836 3618 Regibus
864 3536 914 3614 iis,
945 3534 1000 3618 qui
1024 3535 1166 3618 maligno
1191 3533 1227 3597 in
1246 3534 1375 3597 Levites

269 3639 362 3701 oeulo
378 3640 581 3703 exstiterunt.

311 3743 429 3807 Videte
446 3744 642 3806 Anareiiom
661 3743 750 3806 illam
765 3741 935 3805 Judieumh
944 3768 956 3814 ‚·
979 3741 1143 3805 Erretieos
1157 3740 1294 3817 Levites,
1310 3741 1373 3804 huo

267 3847 353 3910 illuc.
400 3849 520 3911 Ratio:
544 3850 645 3912 Deuis
671 3847 759 3910 enim
785 3847 872 3908 siclis
892 3845 1052 3909 valebant.
1098 3843 1217 3908 Videte
1246 3845 1371 3909 Saulis:

266 3951 355 4013 Areu
377 3974 445 4015 nou
467 3952 670 4036 quaerebatur
690 3952 726 4014 in
749 3950 861 4014 diebus
883 3950 958 4015 illis.
1003 3951 1121 4012 Ratio:
1148 3949 1299 4014 Conditio
1318 3971 1371 4014 eo-

265 4076 348 4133 rum,
371 4056 540 4119 incurvare
563 4077 596 4119 se
618 4077 677 4138 pro
696 4075 819 4118 nummo
840 4059 986 4136 orpeoteo
1009 4060 1042 4116 et
1063 4059 1218 4135 sepmeuto
1234 4053 1369 4133 parisi.-

363 4183 374 4214 7
391 4175 475 4238 [Meti.
487 4175 556 4223 xxiv.
567 4175 618 4240 28.]
869 4181 880 4205 ⁰
897 4172 1032 4234 Aeuppim.
1048 4173 1061 4220 1
1073 4172 1154 4222 Perel.
1166 4172 1236 4221 xxvi.
1250 4174 1287 4223 15.
1298 4174 1336 4223 18.

361 4263 372 4286 2
388 4239 404 4287 J
406 4254 462 4288 oen.
473 4239 529 4287 xiii.
542 4243 581 4290 29.
869 4235 878 4267 f
899 4236 999 4286 Purher.
1012 4236 1096 4301 [ibid.]

362 4308 372 4329 ⁸
389 4306 404 4351 2
417 4303 472 4352 Gor.
484 4304 538 4352 viii.
552 4307 590 4352 20.
870 4309 882 4342 Β
898 4304 913 4350 2
926 4302 1006 4351 Parel.
1018 4302 1090 4350 xxxi.
1103 4303 1141 4351 10.

362 4363 373 4396 b
391 4367 473 4416 scor.
485 4367 521 4416 ix.
535 4371 556 4416 6.
570 4371 609 4418 12.
871 4364 883 4396 ¹¹
899 4365 969 4416 Judi.
982 4366 1045 4414 xvii.
1056 4366 1079 4418 7.
1091 4369 1113 4414 8.
1127 4368 1164 4414 10.

361 4439 372 4525 Σ
390 4432 483 4545 pffpm.
494 4447 542 4546 11110
544 4434 566 4481 2.
869 4429 876 4460 ¹
899 4431 923 4495 [1
937 4431 1004 4481 Sum.
1014 4430 1054 4495 (ul.
1064 4430 1135 4494 Reg.)
1147 4430 1174 4480 ii.
1185 4429 1238 4493 36.]

429 4512 502 4546 1.1v.
544 4532 549 4544 .
