2970 4914
221 265 266 328 90
573 278 692 328 cosmo
712 276 831 326 mnus
852 277 983 342 nuans,

220 433 377 512 videmur,
400 431 465 497 nisi
490 433 518 496 si
541 454 581 497 ex
603 438 679 497 voto
703 432 873 516 Prophetae
897 434 935 498 O.
956 433 989 497 li.
1011 437 1073 513 11„
1100 441 1138 498 ut
1162 434 1205 497 sit
1228 454 1324 520 super

221 538 327 622 capita
342 538 456 618 Spomsi
470 543 503 601 et
520 537 655 617 Spomae,
672 537 784 600 lotitia
800 536 996 617 Sempltermc
1007 535 1032 600 ¹¹.

268 642 401 704 Gauium
416 646 465 704 est
481 641 503 703 J
503 661 582 705 onas
604 661 699 724 snper
717 639 834 704 umbra
848 641 968 703 laederis
983 662 1048 704 suae
1062 639 1180 723 gaudio
1193 661 1322 724 magno.

221 744 377 809 Ascendit
398 745 593 823 vermiculus,
617 749 651 808 et
672 743 830 828 percussit
854 765 925 808 eam
936 769 946 822 ;
973 765 1036 807 mmo
1060 750 1149 808 nocte
1171 743 1323 809 eremiti.

224 848 326 915 Quasi
341 848 456 911 beders
471 846 533 931 ¹illu
551 848 704 929 quodiam
725 868 821 911 omne
838 852 1003 926 terrenum,
1019 847 1192 912 umbratile
1206 846 1322 926 modo;

223 959 266 1031 et,
281 952 345 1015 nisi
357 971 492 1015 vermem
506 951 597 1015 Deus
617 956 735 1028 arceat,
750 950 923 1015 evanidam
940 951 1061 1016 statim.
1108 950 1206 1017 Quod
1219 952 1325 1014 almum

223 1056 322 1123 Canae
340 1055 376 1121 in
396 1055 515 1136 mrptiis
528 1060 678 1138 posuerat
694 1054 949 1135 Arclitriclimm,
966 1056 1103 1118 deterius
1116 1062 1196 1134 erat,
1211 1061 1244 1118 et
1259 1055 1325 1119 cito

222 1165 334 1223 tamen
357 1157 589 1222 exhaustumk:
619 1158 705 1242 quod
728 1158 758 1222 ei
781 1158 931 1223 Christus
950 1158 1063 1223 vinum
1082 1158 1218 1238 suffecit,
1238 1179 1323 1240 pror·

222 1264 360 1326 stantius
383 1265 479 1326 mullo
508 1261 580 1342 fuit,
606 1270 640 1325 et
670 1263 797 1325 duravit
820 1262 992 1326 adfinem.
1038 1261 1162 1346 Utique
1186 1262 1214 1325 si
1239 1261 1324 1326 absit

223 1366 383 1446 Christus,
406 1365 433 1429 si
455 1365 576 1450 absque
592 1365 721 1430 Christo
737 1365 779 1430 sit
793 1367 933 1447 nuptiale
949 1367 1109 1449 pcmdlmm,
1125 1387 1200 1430 mox
1213 1365 1274 1430 ibit
1287 1365 1324 1430 in

90 1483 95 1489 ·
220 1491 354 1551 comam
383 1475 548 1534 crescente
576 1477 732 1553 tempore.
776 1470 963 1534 Advocetur
989 1490 1065 1553 ergo
1094 1469 1194 1533 Deus.
1240 1471 1274 1534 Is
1297 1469 1324 1533 si

102 1560 104 1564 ⁵
221 1574 324 1637 Evam
346 1573 485 1636 adducat
504 1593 605 1636 manu
613 1570 631 1652 ¹,
652 1579 748 1637 erunt
765 1580 837 1637 tum
854 1574 982 1656 Nuptis
1001 1595 1075 1638 vere
1096 1574 1322 1637 Paradisiacae.

221 1677 406 1741 Advocetur
426 1684 459 1741 et
474 1677 640 1753 Christum
673 1676 708 1740 Is
731 1677 758 1740 si
780 1679 847 1741 vim
868 1677 915 1742 ibi
939 1684 1051 1742 auctor
1077 1677 1128 1756 sit,
1149 1677 1325 1741 serabitur

222 1781 332 1844 bouum
350 1801 446 1864 mque
461 1782 529 1845 buc.
579 1781 653 1847 Quo
669 1781 790 1844 diutius
806 1787 924 1861 autem,
941 1803 979 1846 eo
993 1781 1120 1845 dulcius
1134 1781 1322 1864 meliusque.

261 1885 312 1948 Ex
331 1883 481 1967 opinione
503 1884 574 1947 boui
593 1885 699 1967 muqm’
720 1884 845 1948 exsistit
865 1885 1036 1966 parcium:
1060 1885 1094 1948 id
1116 1885 1144 1948 si
1159 1885 1199 1948 de
1214 1885 1324 1948 futuro

222 1987 342 2070 pendet
362 1987 471 2066 etiam,
497 1987 626 2070 (pendet
650 1986 787 2052 vero'de
809 1986 920 2052 futuro
942 1989 1041 2051 etiam
1065 1994 1213 2051 nostrum
1236 1986 1319 2068 hoc,)

223 2091 286 2172 spe
299 2096 429 2154 tantum
441 2092 613 2174 prudentes
627 2101 779 2155 sumnsm.
811 2092 903 2156 Laeta
918 2091 1047 2175 quidem
1063 2091 1140 2155 satis
1154 2090 1322 2174 principia,

96 2262 105 2279 ,
223 2195 290 2273 sed,
307 2194 384 2277 quid
398 2195 496 2279 longa
510 2195 578 2259 dies
592 2195 698 2275 vehet,
710 2216 778 2259 non
792 2195 925 2279 perinde
940 2201 1078 2260 constat.
1112 2195 1323 2278 Copitctlomes

222 2299 378 2362 bominum
393 2300 529 2374 timiam
552 2305 583 2362 et
596 2301 723 2363 incertus
732 2300 939 2382 providentie
962 2306 1103 2363 metros
1147 2300 1222 2366 Quo
1246 2319 1324 2382 ergo

222 2403 329 2486 opinio
350 2403 420 2467 haec
441 2410 554 2468 nostra
573 2405 642 2489 jam
661 2404 695 2468 in
721 2404 842 2489 aliquid
859 2410 1004 2468 transeat
1027 2403 1178 2488 opinione
1193 2403 1322 2481 certius,

221 2506 338 2590 utqui
362 2527 416 2589 spe
442 2508 615 2590 prudentes
640 2528 762 2586 sumus,
783 2507 883 2571 simus
909 2513 942 2571 et
967 2527 1028 2580 re,·
1064 2507 1143 2570 certi
1168 2504 1324 2570 reddendi

222 2609 308 2692 quod
325 2609 486 2674 incertum
507 2632 574 2674 una
594 2610 678 2675 ratio
698 2611 779 2690 Deo,
796 2633 875 2694 opus
898 2617 947 2674 est
968 2607 1073 2697 χάρας
1094 2606 1238 2695 omlpfyp
1247 2621 1270 2688 ⁰,
1285 2615 1323 2672 ut

221 2712 283 2776 Ille
298 2712 392 2776 nobis
403 2715 516 2796 pandit
530 2714 673 2798 Adjutor
687 2715 748 2778 sit:
771 2735 853 2798 opus
868 2714 969 2778 altera
984 2713 1108 2797 copula,
1124 2734 1144 2776 a
1159 2735 1223 2796 qua
1236 2711 1324 2796 prior

221 2836 376 2900 suspensa
397 2817 527 2899 pendet,
545 2817 592 2880 Et
608 2817 759 2900 pandebit
779 2822 921 2898 superte
940 2817 1027 2879 Dcm
1050 2821 1130 2879 tuus.
1176 2816 1229 2879 Ne
1249 2835 1324 2878 vero

220 2939 262 2981 ne
277 2919 409 2982 seorsim
427 2919 500 2982 ista‘
511 2940 544 2983 se
558 2919 712 2999 habeant,
729 2919 836 2985 sedin
850 2941 954 2984 unum
970 2918 1061 3002 quasi
1081 2918 1232 3002 quodiam
1247 2938 1322 2981 con·

221 3027 374 3099 crescant,
390 3021 433 3085 sit
457 3041 531 3086 cum
551 3022 669 3105 gaudio
692 3022 838 3100 thalami,
855 3022 1010 3105 gaudium
1033 3042 1161 3106 quoque
1176 3020 1259 3099 coeli,
1276 3021 1323 3085 sic

217 3124 357 3206 pandect
371 3125 518 3206 Sponsus,
533 3132 572 3189 nt
591 3131 624 3190 et
646 3146 713 3190 una
730 3127 840 3203 Deus;
863 3132 1056 3190 nouantem
1072 3125 1205 3190 seorsim
1222 3125 1322 3206 Spau—
1354 3201 1357 3208 Ι

220 3247 274 3289 um
288 3232 322 3291 et
336 3227 405 3292 sine
420 3229 500 3292 Deo.
1335 3229 1338 3236 ’

57 3440 81 3490 2.
99 3437 137 3488 De
265 3433 314 3496 Eu
329 3455 399 3517 quae
413 3434 546 3500 tandem
567 3436 650 3502 ratio
665 3437 729 3501 Dei
743 3436 946 3515 conciliandi,
962 3441 1000 3500 ut
1015 3435 1157 3521 Adjutor
1171 3435 1266 3500 nobis
1279 3435 1324 3500 sit

58 3503 194 3618 {ffiffim
218 3537 356 3618 pandit?
399 3538 502 3603 Nulla
523 3539 652 3623 quidem
676 3561 815 3624 prorsus,
832 3548 918 3605 certe
940 3540 1030 3604 nulla
1051 3540 1167 3623 potior,
1184 3539 1324 3622 quamsi

59 3632 143 3684 sione.
221 3659 282 3704 nos
298 3661 372 3705 cum
384 3643 481 3706 Sione
496 3643 714 3709 conciliemus.
742 3644 913 3710 Advortite
926 3644 991 3707 huo
1006 3644 1160 3707 animum.
1184 3642 1323 3706 Perinde

220 3743 320 3825 enim,
336 3752 374 3807 ut
388 3746 482 3810 nobis
498 3746 538 3811 de
552 3747 681 3827 nostris,
696 3747 744 3811 ita
753 3749 824 3812 Deo
837 3749 989 3831 quodcum
1004 3753 1053 3810 est
1068 3747 1108 3810 de
1123 3746 1324 3830 sponsalibus

220 3846 299 3910 suis.
343 3848 432 3912 Nam
458 3855 491 3912 et
516 3870 576 3912 sua
597 3849 653 3912 Illi
677 3850 844 3931 Spumaliu
867 3856 953 3928 sunt,
977 3856 1062 3912 teste
1085 3850 1234 3913 Hosenl’:
1254 3857 1258 3866 '
1279 3851 1323 3913 Et

222 3949 323 4012 Filius
340 3950 419 4034 ejus,
435 3951 545 4016 nescio
561 3957 640 4036 quot
654 3952 745 4030 locis,
758 3952 851 4036 quasi
867 3953 1012 4035 Sponsus
1026 3951 1254 4031 introducitur,
1264 3972 1323 4015 sua

221 4051 321 4134 ipsius
336 4074 425 4133 voce,
440 4055 612 4122 Matrini
651 4056 805 4138 Baptistae
820 4056 1047 4138 Parommplci.
1064 4057 1116 4120 Jo.
1129 4056 1187 4121 iii.lr
1231 4056 1324 4120 Pauli

394 4223 479 4290 h[Es.
490 4227 518 4276 li.
531 4226 581 4292 11.]
921 4235 934 4258 ⁰
962 4225 1018 4290 Sap.
1031 4220 1065 4276 ir.
1079 4227 1128 4291 14.]

394 4288 403 4322 ¹
432 4291 647 4368 Joniy.l.seq.]
923 4301 934 4326 ⁰
968 4291 1050 4342 2Cor.
1062 4292 1080 4342 i.
1093 4293 1147 4357 24.]

394 4354 406 4386 ¹¹
440 4357 534 4407 osuii.
547 4359 584 4406 10.
921 4356 1112 4427 ¹¹[0s.i'ul9.]

394 4418 402 4450 ¹
422 4419 497 4535 &Gen
508 4422 536 4470 ii.
549 4421 599 4485 m]
921 4430 933 4462 s
948 4422 1023 4472 Mati.
1034 4423 1069 4471 ix.
1080 4423 1119 4473 15.

394 4492 411 4515 ¹²¹
446 4499 494 4535 om.
507 4501 551 4535 xu.
564 4488 603 4536 12.
924 4486 1127 4538 domnum.
