2970 4914
346 274 496 324 nrrsrom
517 275 662 323 1111111
684 274 777 322 rrum
798 273 952 324 nomam.
1135 261 1197 327 189
1288 237 1290 241 ‚

199 764 611 829 REVERENDISSIMO
634 764 780 842 PATRI,
804 764 864 827 D0.
888 764 1108 828 EPISCOPO

485 899 819 963 WINTONIENSI.

146 1121 228 1186 Mrs1
243 1121 283 1185 ad
298 1130 341 1200 te,
358 1122 632 1186 Reverendissime
648 1121 779 1200 Praesul,
795 1121 914 1184 librum
929 1142 1038 1184 meum
1053 1120 1092 1184 de
1107 1142 1198 1186 voca-

102 1224 190 1289 tione
206 1225 386 1303 Pastorum,
403 1224 455 1288 cui
470 1224 587 1288 additae
602 1230 694 1288 erant
709 1224 836 1301 littera,
853 1224 969 1307 quibus
984 1224 1124 1289 conabar
1137 1223 1200 1287 tibi

103 1326 284 1390 satisfacere
309 1348 403 1411 super
427 1327 618 1410 quibusdam
641 1327 809 1410 capitibus,
832 1327 867 1389 in
891 1326 1006 1409 quibus
1020 1325 1106 1391 visus
1128 1348 1199 1389 sum

103 1429 183 1511 Regi
202 1429 411 1492 Serenissimo
425 1429 565 1513 iniquior
580 1450 656 1511 erga
671 1428 827 1494 Ordinem
842 1429 1074 1513 Episcopalem.
1110 1429 1199 1495 Quas

103 1531 226 1595 litteras
253 1532 280 1594 si
302 1531 461 1614 accepisti,
481 1553 549 1619 npn
570 1531 683 1596 dubito
707 1532 785 1615 quin
810 1531 849 1594 de
868 1553 922 1596 me
944 1532 1079 1615 judices,
1100 1538 1137 1594 ut
1160 1531 1200 1594 de

104 1635 234 1697 homine
261 1635 316 1718 qui
342 1634 382 1697 de
403 1641 508 1698 vestro
531 1633 642 1698 ordine
665 1634 841 1699 honorifice
865 1635 964 1698 sentit
987 1641 1022 1698 11
1048 1635 1198 1718 loquitur.

103 1739 182 1800 Non
198 1759 268 1800 sum
282 1744 351 1800 tam
365 1737 533 1820 fastidiose,
542 1758 705 1820 arrogans,
720 1745 758 1800 ut
772 1737 869 1801 velim
892 1759 944 1800 me
966 1758 1125 1820 opponere
1140 1738 1202 1802 toti

104 1839 299 1923 antiquitati,
315 1847 347 1902 et
362 1861 430 1903 rem
446 1861 517 1922 quae
537 1841 607 1924 jam
621 1839 697 1903 inde
712 1862 731 1903 a
746 1841 862 1904 saeculo
876 1840 1042 1924 Apostolis
1056 1841 1201 1922 proximo

103 1949 232 2025 recepta
250 1942 312 2005 fuit
327 1942 363 2005 in
377 1941 531 2021 Ecclesia,
546 1949 584 2004 ut
598 1942 743 2006 vitiosam
760 1949 816 2005 aut
831 1943 1011 2025 improbam
1026 1943 1199 2026 aspernari.

106 2047 238 2128 Semper
266 2045 386 2128 putavi,
416 2045 501 2109 inter
524 2046 684 2109 Ecclesias
714 2046 772 2110 sub
799 2045 922 2109 diversa
948 2045 1067 2128 politiae
1090 2046 1200 2108 Eccle-

104 2148 237 2211 siasticae
259 2148 362 2211 forma
380 2148 532 2226 viventes
548 2169 639 2231 posse
662 2155 780 2214 sartam
803 2169 871 2212 esse
894 2155 926 2212 et
946 2149 1105 2230 integram
1126 2169 1201 2211 con-

104 2250 255 2313 cordiam.
294 2251 477 2314 Dummodo
493 2251 641 2314 Christus
656 2251 878 2329 annuntietur,
896 2251 997 2334 qualis
1011 2251 1202 2334 proponitur

104 2353 140 2415 in
154 2353 338 2435 Evangelio,
355 2359 387 2416 et
409 2353 488 2416 fides
507 2353 692 2416 Christiana
712 2360 843 2416 maneat
866 2353 995 2435 integra
1012 2360 1044 2416 et
1067 2353 1200 2417 illibata.

105 2456 150 2526 Te
164 2476 239 2518 vero
253 2456 338 2518 inter
352 2455 499 2518 homines
514 2455 564 2518 tui
578 2455 700 2518 ordinis
715 2477 841 2538 semper
855 2455 918 2519 feci
932 2455 1075 2533 maximi,
1092 2456 1202 2518 multis

31 2626 34 2631 .
105 2557 272 2634 decausis,
288 2579 365 2639 quas
381 2557 465 2620 malo
480 2557 563 2640 apud
586 2557 664 2621 alios
681 2579 777 2640 quam
793 2558 877 2640 apud
892 2565 925 2621 te
942 2578 1201 2621 commemorare.

108 2661 209 2743 Cujus
232 2659 332 2722 animi
355 2659 421 2722 mei
441 2665 558 2722 testem
584 2659 679 2723 mitto
702 2659 822 2723 librum
846 2682 975 2738 novum,
1001 2681 1098 2742 quem
1121 2661 1202 2723 mihi

107 2761 241 2825 extorsit
264 2762 416 2826 Ecclesiae
440 2763 492 2825 cui
515 2762 615 2826 servio
630 2762 788 2840 voluntas,
806 2768 839 2825 et
854 2762 989 2826 Jesuitae
1012 2761 1107 2826 aulici
1129 2783 1202 2845 pro-

106 2871 196 2927 terva
220 2863 397 2928 insultatio.
444 2865 493 2928 ru
518 2864 659 2942 obsecro,
684 2864 765 2927 mihi
788 2870 858 2927 esto
884 2863 1013 2948 adjutor
1039 2864 1080 2927 ad
1105 2864 1202 2948 Regis

107 2967 252 3030 animum
266 2965 492 3051 mitigandum,
508 2974 546 3031 ut
569 2967 655 3052 apud
670 2988 704 3031 se
718 2973 856 3050 reputet,
873 2973 905 3030 at
921 2987 1012 3049 aequa
1025 2967 1203 3054 lance-per-

106 3071 235 3152 pendat,
252 3091 319 3134 non
332 3091 425 3153 posse
441 3092 508 3134 esse
521 3071 629 3134 locum
643 3071 680 3134 in
693 3070 825 3135 Gallicis
840 3069 1001 3149 Eoclesiis,
1013 3071 1133 3153 pastori
1149 3071 1205 3153 qui

108 3174 245 3252 doceret,
261 3174 441 3257 Primatum
456 3174 688 3258 Episcoporum
709 3189 779 3238 rem
802 3195 870 3238 esse
892 3174 975 3258 juris
993 3173 1112 3239 divini:
1137 3174 1205 3237 sine

108 3299 170 3358 qua
191 3297 258 3339 non
280 3276 321 3339 sit
345 3277 460 3355 salvus,
477 3297 537 3340 nec
552 3276 651 3360 possit
665 3283 750 3340 stare
764 3276 917 3340 Ecclesia.
964 3277 1037 3340 Hoc
1052 3297 1204 3353 asserere,

108 3378 190 3442 nihil
215 3378 303 3440 aliud
331 3384 415 3441 esset
445 3400 541 3461 quam
571 3400 683 3442 omnes
712 3386 838 3442 nostras
868 3379 1027 3442 Ecclesias
1058 3380 1205 3443 addicere

107 3481 250 3558 Tartaro,
267 3480 349 3542 etin
369 3501 479 3542 meum
500 3501 632 3563 gregem
654 3479 870 3544 damnationis
893 3481 977 3544 ferre
998 3482 1204 3547 sententiam.

111 3581 206 3646 Quod
232 3581 258 3643 si
287 3580 434 3658 facerem,
455 3586 494 3644 tn
518 3581 586 3663 ipse
611 3601 664 3644 me
693 3601 838 3644 censeres
863 3581 1028 3644 hominem
1060 3580 1206 3664 improbe

109 3685 288 3763 vecordem,
304 3691 337 3748 et
352 3683 488 3768 dignum
503 3683 542 3747 ab
558 3683 708 3748 omnibus
723 3684 866 3768 conspui.
907 3684 971 3748 Sed
986 3683 1026 3748 de
1041 3685 1092 3748 his
1108 3711 1206 3748 eara-

109 3785 247 3874 mipor⁸=
270 3809 346 3852 nam
365 3786 451 3871 apud
467 3787 572 3851 virum
593 3787 770 3870 sapientem
790 3809 1024 3870 supervacanea
1042 3794 1100 3866 est,
1119 3789 1206 3851 inre
1291 3854 1303 3869 ‚

110 3891 195 3954 clara
204 3898 237 3954 et
248 3898 366 3974 aperta,
376 3889 475 3954 nimis
485 3912 618 3974 operosa
626 3891 779 3955 defensio.
817 3892 951 3955 Deusta
963 3896 1076 3970 servet,
1089 3898 1123 3955 et
1133 3899 1206 3955 tuos

111 4000 244 4057 conatus
265 3994 429 4076 provehat,
445 4001 483 4056 ut
504 3993 689 4077 redundent
712 3994 753 4057 ad
774 3993 927 4058 Ecclesiae
949 3993 1205 4058 aedificationem.

113 4097 205 4160 Vale.
234 4098 357 4161 Datum
371 4098 519 4177 Lutetiae,
536 4114 600 4161 mn.
618 4101 670 4162 16.
687 4098 755 4162 Cal.
773 4096 927 4162 Decemb.
946 4100 1039 4161 1618.
1063 4099 1202 4183 [1619?]

676 4217 744 4278 labi
759 4216 1001 4295 addictissimus,

820 4321 946 4383 Prinos
969 4321 1163 4384 Moerunss.

579 4462 589 4484 ¹
605 4453 721 4505 Abunde.
