2970 4914
211 240 234 300 4
567 251 717 302 srlsrots
738 253 962 303 Dnmcnroals.

105 444 108 449 ·
212 411 285 492 fuit,
302 412 358 496 qui
375 413 451 476 Coeti
468 412 537 496 jam
561 433 687 476 summa
710 412 880 493 scanderit,
896 434 971 476 eum
992 411 1031 475 ad
1047 412 1194 475 Carceres
1209 411 1316 476 denuo
1366 500 1370 505 ι

213 538 371 597 revocare,
387 522 420 582 et
442 537 562 580 nomen
577 515 658 581 Orbi
672 516 877 580 notissimum
891 514 1045 581 tirocinii
1056 515 1107 579 sui
1121 514 1316 580 rudimentis

213 621 385 685 obscurare
398 621 490 686 velle.

257 725 365 787 Erunt
378 723 513 788 fortasse
529 723 583 808 qui
597 723 765 803 mirentur,
782 745 839 788 cur
853 745 920 788 non
935 723 1006 801 alia,
1022 744 1080 787 cur
1093 743 1160 786 non
1175 727 1208 786 et
1222 721 1316 805 plura

216 823 378 907 scripserit
400 825 457 888 Ver
470 845 614 888 summus.
648 824 744 891 Quod
765 831 876 888 tamen
891 824 946 908 qui
962 823 1096 902 faciunt,
1113 824 1207 887 illum
1228 828 1315 886 certe

214 927 303 991 haud
326 928 404 992 satis
425 935 554 991 norant.
601 928 767 1012 Sapientia
782 929 923 1012 quidem,
940 928 967 992 si
982 928 1053 1013 quis
1072 927 1161 1006 alius,
1184 927 1314 1011 praecel-

213 1030 275 1094 luit
289 1031 354 1094 Hic
369 1037 483 1095 aester.
529 1031 595 1098 Qui
609 1039 720 1095 tamen
733 1038 771 1095 ut
787 1031 828 1095 ad
843 1031 1003 1096 Invidiam
1018 1032 1141 1109 doctus,
1162 1031 1210 1094 ita
1233 1030 1316 1095 mire

213 1133 421 1216 pauciloquus
444 1133 516 1197 fuit.
561 1134 633 1197 Nec
658 1134 769 1217 lingua
794 1134 823 1197 ei
850 1133 952 1197 defuit
974 1133 1123 1217 expedita
1144 1133 1231 1210 satis,
1254 1152 1315 1197 nec

214 1257 350 1300 acumen
365 1237 459 1321 styli:
483 1236 537 1300 sed
562 1237 627 1300 acri
645 1237 768 1322 judicio
789 1245 925 1321 utraque
948 1238 995 1300 ita
1016 1244 1195 1321 temperata
1212 1236 1313 1316 fuere,

212 1327 342 1405 utnon
364 1341 428 1404 nisi
450 1341 537 1404 lente
560 1347 593 1405 et
619 1346 819 1419 cunctanter,
842 1347 898 1404 aut
925 1340 965 1404 ad
992 1339 1174 1418 dicendum,
1195 1346 1251 1403 aut
1273 1338 1315 1402 ad

213 1444 419 1509 scribendum
433 1445 609 1509 accederet.
653 1445 732 1508 Non
753 1445 827 1528 quia
841 1465 902 1508 aaa
910 1445 1026 1526 potuit,
1050 1443 1106 1508 sed
1126 1443 1201 1527 quia
1214 1443 1315 1506 notuit

213 1546 315 1609 aliter.
362 1547 470 1631 Hujus
495 1546 581 1610 enim
606 1545 670 1609 sive
695 1546 866 1625 tarditatis,
890 1546 954 1610 sive
976 1567 1084 1623 morae,
1107 1567 1174 1609 non
1191 1543 1314 1627 ingenii

212 1650 375 1714 hebetudo
390 1651 504 1733 aliqua,
521 1649 577 1713 sed
592 1648 698 1713 cautio
719 1649 821 1712 nimia
842 1656 875 1713 et
894 1649 1065 1732 pensitatio
1079 1649 1116 1712 in
1130 1669 1226 1712 causa
1240 1648 1311 1711 fuit.

211 1751 268 1815 Aa
288 1773 396 1834 pauca
425 1753 624 1834 respicientes
644 1750 747 1832 facite
770 1753 988 1833 morantium,
1012 1757 1050 1815 ut
1074 1772 1148 1815 vere
1172 1750 1312 1834 philoso-

211 1854 350 1938 phorum
365 1854 518 1938 Princeps
527 1881 537 1933 3
561 1860 594 1918 et
613 1853 667 1938 qui
684 1875 751 1917 non
770 1854 880 1918 omnia
896 1853 985 1938 prius
1000 1854 1195 1933 examinant,
1211 1859 1244 1917 et
1258 1874 1314 1918 ex-

211 1958 359 2041 pendunt
379 1958 503 2036 acriter,
524 1978 562 2022 eo
579 1958 649 2041 ipso
669 1957 860 2042 quandoque
881 1958 984 2042 plura,
1007 1979 1104 2040 quam
1125 1979 1184 2041 par
1205 1963 1265 2036 est,
1279 1962 1315 2020 et

210 2058 387 2143 loquuntur
402 2068 434 2125 et
450 2060 604 2125 scribunt.
638 2060 700 2124 Ille
715 2080 790 2124 vero
799 2060 877 2124 dum
892 2060 1002 2124 omnia
1016 2060 1156 2144 penitius
1170 2060 1315 2144 undique

209 2161 400 2246 introspicit,
423 2170 589 2248 perspecta
611 2163 720 2242 librat,
742 2163 860 2227 librata
877 2164 1079 2228 circumcidit
1100 2163 1255 2246 undique,
1270 2184 1314 2227 ne

210 2288 293 2332 vana
308 2273 340 2331 et
354 2267 468 2346 futilia,
480 2287 522 2331 ne
536 2267 612 2333 laxs
624 2273 657 2330 et
671 2266 788 2345 hiulca,
800 2267 904 2330 nevel
918 2267 1018 2331 nimia
1028 2267 1079 2331 vel
1090 2268 1203 2352 jejuna
1215 2266 1315 2331 nimis

209 2369 336 2434 Lectori
345 2370 441 2434 taedio
453 2389 489 2434 ac
503 2368 631 2433 fastidio
642 2368 758 2448 forent,
769 2369 960 2452 scriptorum
968 2370 1129 2454 paucitate
1140 2377 1313 2435 contentus

210 2473 291 2553 fuit3
315 2480 347 2538 et
362 2474 402 2538 de
418 2472 534 2557 quibus
548 2493 616 2536 non
630 2471 723 2536 facile
733 2470 901 2557 judicavit,
922 2494 960 2537 ea
978 2473 1121 2568 nonnisi
1142 2473 1314 2539 difficulter

115 2636 118 2641 .
209 2577 338 2662 prodire
353 2599 464 2662 passus
480 2582 540 2643 est.

255 2682 290 2746 Si
305 2682 375 2766 quis
387 2688 509 2767 quaerat
524 2681 664 2765 insuper,
677 2701 735 2745 cur
748 2681 818 2746 haec
833 2688 866 2746 et
880 2703 947 2746 non
962 2682 1024 2746 alia
1039 2681 1099 2746 sibi
1114 2680 1155 2745 ad
1170 2680 1313 2746 scriben-

210 2782 288 2848 dum
303 2784 458 2868 delegerit
466 2811 475 2864 ς
501 2784 588 2849 Huic
604 2785 631 2848 si
645 2806 712 2848 non
728 2785 804 2848 satis
819 2785 916 2848 fuerit
934 2785 1142 2869 respondisse,
1155 2806 1173 2849 e
1184 2805 1220 2848 re
1234 2790 1314 2849 nata

210 2888 362 2952 accidisse
383 2889 454 2969 hoc,
478 2910 514 2952 ac
529 2894 626 2971 prout
648 2888 770 2952 occasio
788 2889 874 2967 tulit,
892 2889 998 2972 ipsum
1013 2890 1182 2953 Auctorem
1197 2910 1311 2954 conve·

209 2991 278 3056 niat
302 2998 437 3076 oportet,
461 3014 589 3056 causam
611 3013 719 3055 veram
742 3013 778 3057 ac
800 2992 978 3075 legitimam
994 2993 1221 3058 sciscitaturus.
1267 2993 1312 3061 Et

210 3103 296 3161 certe
311 3095 397 3159 inter
411 3096 479 3159 hacc
493 3095 650 3159 nonnulla
665 3115 743 3173 esse,
760 3117 831 3178 quae
846 3117 885 3159 ex
905 3096 1013 3161 oblata
1030 3096 1195 3162 occasione
1212 3094 1312 3180 scrip·

209 3198 295 3277 serit,
312 3219 451 3264 asserere
465 3221 532 3263 non
547 3198 741 3278 dubitamus,
759 3205 792 3263 et
806 3221 857 3264 res
872 3200 941 3284 ipsa
954 3201 1085 3265 indicat.
1109 3201 1197 3264 Nam
1213 3201 1313 3266 litere

209 3321 229 3364 a
247 3301 356 3366 Pareo
371 3303 547 3381 MOLINAEO,
563 3302 727 3385 Theologo
744 3324 811 3366 non
832 3303 973 3381 indocto,
995 3310 1028 3366 et
1050 3310 1153 3369 acuto,
1166 3303 1254 3382 satis,
1270 3302 1313 3373 ad

208 3404 300 3468 iilum
320 3406 456 3489 scriptae,
479 3405 514 3468 in
534 3427 630 3469 causa
651 3405 751 3484 fuere,
775 3427 832 3470 cur
853 3413 922 3470 tam
945 3406 1093 3489 graviter,
1108 3414 1177 3471 tam
1198 3406 1311 3486 solide,

207 3529 245 3571 ac
275 3509 377 3588 docte,
409 3509 448 3573 de
478 3510 595 3572 Ordine
619 3510 813 3591 Episcopcti,
843 3511 953 3593 paucis
982 3511 1068 3590 licet,
1096 3509 1310 3593 responderit.

213 3610 411 3674 Velitatioais
427 3633 502 3675 cum
517 3613 696 3690 PERRONIO,
712 3613 839 3676 Prioris
855 3613 984 3696 quidem
1002 3619 1113 3676 auctor
1132 3612 1180 3675 illi
1198 3618 1231 3677 et
1248 3610 1311 3675 im·

206 3714 325 3796 pulsor,
347 3715 545 3778 Beatissimae
561 3715 725 3780 memoriae
743 3717 816 3782 REX
831 3717 1015 3798 Mcjestctis
1035 3717 1151 3780 Vestra
1166 3716 1312 3789 Parems

207 3817 397 3881 Posteriores
420 3825 538 3904 autem,
563 3820 666 3901 prima
681 3818 720 3881 ab
736 3819 805 3902 ipso
824 3820 993 3882 Cardiaate
1015 3818 1149 3895 occasio,
1166 3819 1222 3901 qui
1235 3840 1311 3883 nos·

206 3925 294 3983 trum
319 3920 354 3984 in
380 3922 446 3984 suis
471 3922 597 4005 scriptis
620 3922 748 4003 integro
772 3929 805 3986 et
830 3922 994 3986 elaborato
1017 3923 1118 4003 capite
1141 3942 1312 4005 aggressus

206 4021 328 4087 fuerat:
354 4025 439 4106 quod
453 4024 507 4088 ille
526 4026 626 4106 rapat
641 4046 767 4088 summo
783 4024 906 4109 judicio
921 4032 955 4090 et
970 4025 1119 4089 acumine
1139 4025 1209 4109 pari
1222 4024 1313 4091 refir-

206 4125 296 4188 tavit.
1193 4186 1196 4191 .

248 4228 356 4291 Aliam
379 4229 406 4291 si
429 4229 499 4312 quis
520 4230 597 4294 velit
619 4252 757 4307 causam,
778 4251 836 4293 cur
856 4230 916 4294 Vir
936 4230 1138 4295 doctissimus
1164 4251 1226 4294 nec
1246 4230 1313 4297 alia

205 4330 417 4396 volueritnec
431 4332 523 4415 plura
538 4332 693 4410 scribere;
719 4334 753 4396 Is
770 4354 879 4397 secum
900 4339 1070 4414 temporam
1084 4333 1120 4396 in
1141 4354 1212 4417 quae
1227 4332 1313 4399 inci-

206 4434 311 4509 dimus
326 4435 531 4520 iniquitatem
553 4443 692 4520 reputet,
709 4443 741 4501 et
757 4437 791 4502 ni
806 4437 958 4518 fallimur,
980 4437 1133 4503 inveniet.
1182 4439 1311 4520 Tempe,
