2970 4914
230 265 294 328 102
546 277 588 331 on
609 276 841 352 ruauuaanoo
862 258 1011 343 ἑπάκτῳι

231 431 352 497 scilicet
366 430 545 515 proriperet
555 439 646 496 trans
656 431 854 497 Cedronem:
869 430 1014 513 legitime
1025 427 1141 511 exegit.
1183 427 1331 510 Cumque

231 541 304 619 post
321 535 463 599 Schimei
480 534 619 619 (juratus
637 557 679 598 ne
696 535 859 618 transiret)
878 533 1059 597 transiisset
1079 538 1208 595 tamen:
1228 531 1334 614 capite

232 637 305 716 luit,
321 643 354 700 et
372 635 461 700 licite
480 636 611 718 quidem
630 635 703 717 luit,
722 657 789 700 non
810 642 879 699 tam
898 634 1040 698 transitu
1055 632 1219 710 Cedronis,
1235 653 1334 715 quam

229 739 406 823 juramenti
418 739 503 802 suim.
528 738 788 822 Quidquaeritis?
814 739 1007 821 Quanquam
1018 735 1171 819 profanus
1182 733 1334 811 Schimei‚

231 845 454 928 juramentum
467 833 577 906 nullus
591 843 780 908 detrectavit
792 868 802 920 ;
826 842 887 906 etsi
900 842 937 905 in
951 839 1154 923 dispendium
1175 838 1335 902 libertatis

236 967 313 1010 suae.
343 946 460 1029 Neque
474 967 549 1010 vero
564 945 721 1023 Micheas,
738 944 792 1028 qui
802 943 980 1028 juramenti
994 941 1148 1025 religione
1163 941 1337 1005 obstrictus

237 1069 345 1132 aroge
353 1075 363 1127 ;
391 1050 507 1132 (neque
522 1055 578 1112 aut
600 1048 699 1112 semel
712 1047 757 1125 id,
775 1053 832 1113 aut
846 1054 918 1110 tum
932 1045 1083 1130 primum,
1099 1043 1155 1108 sed
1169 1043 1338 1127 aliquoties

237 1158 312 1215 ante
334 1150 527 1233 factitatum)
551 1150 637 1233 quod
659 1149 782 1214 solutus
803 1149 921 1227 renuit,
942 1147 1109 1232 adjuratus
1129 1168 1198 1211 non
1219 1145 1337 1225 renuit,

239 1252 296 1316 sed
310 1251 492 1335 respondit:
516 1251 577 1315 etsi
592 1258 682 1315 certa
694 1251 743 1314 illi
756 1272 853 1335 poena
866 1256 943 1314 ante
954 1249 1073 1328 oculos,
1089 1249 1152 1313 etsi
1163 1248 1339 1312 amandan-

239 1357 300 1419 dus
326 1356 367 1420 ob
391 1356 425 1419 id
446 1376 634 1439 responsum
655 1355 691 1418 in
714 1355 847 1419 domum
870 1354 1036 1419 carcerisfl.
1081 1354 1156 1420 Quo
1181 1352 1338 1436 exemplo,

239 1465 312 1522 tum
326 1457 360 1520 id
375 1464 501 1522 constat
518 1458 554 1521 in
568 1478 657 1521 more
676 1457 890 1542 institutoque
908 1457 1049 1541 positum
1063 1457 1161 1521 fuisse
1176 1455 1290 1520 Israeli
1303 1455 1339 1520 in

239 1582 391 1644 responsa
400 1561 528 1644 jurare:
551 1567 623 1624 tum
633 1559 678 1637 id,
691 1581 874 1644 quanquam
885 1560 1074 1644 prophetam
1084 1560 1260 1639 Micheam,
1271 1579 1340 1623 non

161 1652 164 1659 ¹
241 1685 356 1726 ausum
369 1668 480 1726 tamen
492 1662 630 1745 (inscitia
643 1663 677 1725 id
692 1663 775 1727 forte
786 1663 869 1747 juris
881 1662 1006 1745 divini),
1016 1661 1102 1746 quod
1111 1684 1170 1726 nos
1180 1663 1234 1726 hic
1244 1661 1340 1725 hodie

241 1765 397 1842 facimus,
421 1771 478 1828 aut
500 1764 656 1848 stipulari,
678 1785 720 1829 ne
737 1764 843 1829 fraudi
863 1765 925 1829 sibi
943 1765 986 1828 sit
1003 1765 1227 1849 juramentum
1245 1785 1340 1828 suum

242 1868 385 1933 libertati
400 1889 486 1946 suae3
510 1875 566 1932 aut
581 1868 609 1932 si
622 1868 657 1932 id
672 1889 738 1933 non
753 1868 858 1947 detur,
874 1867 1088 1951 tergiversari.

292 1973 347 2055 (2.)
364 1971 444 2037 Non
452 1952 648 2037 rescindere:
661 1970 758 2039 Quod
766 1971 872 2056 ipsum
881 1994 1009 2037 summo
1018 1973 1141 2038 sedicet
1150 1976 1342 2056 argumento

245 2081 304 2153 est,
326 2073 472 2158 legitime
493 2074 648 2158 praestari.
693 2075 783 2140 Nam
802 2075 838 2139 ni
859 2075 907 2140 ita
928 2075 980 2155 sit,
1003 2083 1090 2140 recte
1116 2074 1341 2158 Augustinus:

245 2181 369 2263 [ajusto
382 2180 507 2244 viuculo
526 2185 652 2261 rumpat
666 2180 799 2262 justitia
808 2192 831 2245 ⁰.
877 2181 957 2245 Non
972 2179 1033 2244 erit
1051 2181 1167 2264 (spero)
1185 2179 1344 2243 deteriore

242 2283 316 2368 jure
331 2281 547 2366 magistratus,
564 2303 661 2365 quam
677 2281 779 2366 quivis
794 2281 834 2347 de
848 2283 951 2367 plebe.
988 2284 1091 2367 Atqui
1105 2283 1221 2367 privati
1235 2283 1345 2367 cujus·

248 2406 310 2469 que
332 2405 371 2449 ea
384 2385 517 2449 demum
538 2383 641 2449 virtus
666 2406 734 2450 non
758 2385 891 2466 infima3
916 2387 952 2450 si
974 2386 1104 2470 juratus
1129 2386 1165 2450 in
1187 2386 1344 2451 damnum

249 2507 354 2564 suum,
368 2506 435 2549 non
457 2491 563 2549 mutet
583 2490 704 2566 tamen,
729 2486 814 2570 quod
833 2486 938 2552 vicino
960 2486 1110 2571 pepigita
1155 2488 1209 2567 nt,
1225 2486 1344 2566 sinon,

246 2588 334 2672 quod
356 2588 461 2653 vicino
467 2613 477 2666 ;
507 2609 569 2653 nec
591 2589 677 2673 quod
703 2590 928 2674 Magistratui:
960 2592 1097 2656 Meliore
1113 2590 1243 2675 quidem
1259 2591 1344 2674 jure,

246 2690 316 2774 pari
330 2691 455 2754 saltem.
495 2690 583 2757 Quid
594 2691 760 2775 quaeritis?
784 2714 969 2777 quanquam
982 2693 1136 2778 profanus
1147 2694 1243 2773 Esau,
1255 2694 1345 2777 jura·

247 2799 396 2857 mentum
421 2792 530 2856 nullm
555 2794 735 2874 revocavit,
767 2795 827 2860 etsi
854 2797 888 2862 in
914 2796 1118 2880 dispendium
1146 2795 1344 2861 haereditatis

249 2906 344 2958 suaeq.
389 2894 514 2958 Verum
529 2894 627 2975 enim,
642 2902 680 2960 ut
695 2917 758 2980 quo
776 2898 850 2982 jure
866 2899 930 2962 sint
944 2898 1133 2982 prIvatihac
1147 2898 1232 2962 inre
1247 2898 1346 2963 semel

249 2997 361 3076 sciant,
376 3017 481 3079 neque
496 2996 565 3079 regi
578 2997 627 3061 fas
641 2997 738 3064 istud.
777 3001 903 3065 Iuravit
917 3001 953 3066 in
968 3001 1123 3066 damnum
1138 3023 1232 3066 suum
1247 3001 1358 3066 Zedeae

251 3098 350 3174 chias,
365 3097 463 3180 idque
479 3098 584 3181 prima
601 3099 702 3179 facie;
725 3101 911 3167 servitutem
926 3104 1058 3184 scilicet,
1073 3110 1145 3169 tum
1159 3125 1261 3184 suam,
1275 3110 1349 3168 tum

251 3201 362 3285 populi
376 3200 459 3265 sui¹2
482 3202 629 3282 mutavit,
645 3204 702 3268 sed
722 3212 755 3270 et
770 3205 950 3273 detestante
963 3208 1086 3273 factum
1101 3209 1181 3288 Deo,
1197 3217 1230 3272 et
1243 3207 1348 3273 vindi·

251 3309 356 3368 cante.
378 3304 496 3387 Neque
507 3325 581 3369 vero
595 3306 788 3390 reipublicae.
816 3311 1008 3394 Respublica
1021 3312 1160 3392 Israelis,
1172 3311 1349 3396 juramenti

184 3402 186 3406 ’
251 3405 446 3486 interventu,
458 3407 562 3472 foedus
573 3429 647 3475 cum
658 3410 839 3476 Gibeonitis
851 3413 996 3478 sancivit.
1027 3415 1148 3479 Contra
1158 3415 1247 3479 venit
1257 3413 1349 3494 illud,

251 3516 324 3573 tum
343 3510 511 3575 commodo
527 3533 594 3591 suo,
610 3520 682 3578 tum
697 3515 827 3598 politico
842 3516 904 3580 Dei
919 3525 1087 3602 praecepto.
1132 3519 1211 3582 Non
1226 3517 1350 3583 censuit

252 3614 456 3694 mutandum,
485 3622 573 3680 recte
601 3618 753 3682 censuit⁸.
807 3619 964 3702 Idemque
992 3641 1067 3684 cum
1094 3620 1210 3685 Saulus
1239 3627 1351 3705 postea

253 3718 447 3782 mutandum
472 3727 627 3799 censeret,
650 3721 711 3784 etsi
740 3723 807 3786 zelo
830 3723 864 3786 id
894 3723 1022 3787 Israelis
1046 3723 1179 3804 factum,
1208 3724 1351 3809 periculo

253 3819 288 3882 id
302 3820 442 3902 primum
454 3821 547 3904 regni
559 3823 618 3901 sui,
631 3824 753 3888 excidio
767 3831 840 3908 post
854 3825 1051 3908 posteritatis
1066 3827 1228 3909 expiavit‘.
1273 3828 1352 3892 Non

253 3921 332 4004 regi,
358 3944 425 3986 non
455 3924 648 4007 reipublicae,
677 3947 738 3990 nec
766 3927 890 4010 privato
919 3928 1028 4011 igitur.
1073 3931 1240 3995 Concludo
1259 3932 1350 4015 jam:

254 4022 350 4087 Absit
368 4025 466 4089 modo
494 4026 606 4109 capitis
631 4028 827 4111 periculum,
857 4031 894 4093 in
918 4031 1015 4095 rebus
1038 4033 1217 4116 causisque,
1241 4055 1352 4118 quaeve

288 4165 305 4188 Ν
316 4159 330 4207 1
343 4158 403 4221 Reg.
415 4160 443 4209 ii.
456 4162 494 4211 43.
824 4165 901 4229 pisti,'
913 4165 985 4230 Oorp.
996 4166 1119 4219 Jordan
1131 4173 1192 4220 tom.
1204 4169 1220 4220 ‘a
1231 4170 1276 4220 col
1285 4168 1352 4234 939]

288 4229 300 4252 ¹¹
318 4224 331 4271 1
344 4222 404 4285 Bag.
417 4226 479 4274 xxii.
492 4229 532 4276 16.
857 4238 869 4269 ¹²
886 4230 925 4280 Ps.
939 4246 980 4280 xr.
993 4232 1015 4280 4.

291 4292 303 4318 ⁰
325 4286 360 4351 [S.
372 4287 438 4351 Aug.
456 4289 535 4340 Serm.
555 4291 647 4342 lxxxii.
674 4291 714 4354 (al.
731 4293 782 4342 xvi.
858 4302 870 4334 ‘¹
897 4295 1028 4345 Geuxm.
1041 4295 1091 4360 33.]

258 4347 289 4397 ds
297 4349 382 4400 Verbo
390 4352 557 4428 Domini)§7.
566 4356 622 4418 Op,
630 4361 691 4405 tom.
701 4372 724 4406 v.
736 4357 782 4406 col.
859 4368 869 4392 ¹
907 4360 1097 4412 zech.xvii.1³.

258 4413 314 4462 634.
327 4413 369 4471 (λς
387 4420 414 4466 et
432 4422 501 4467 citat.
521 4419 549 4468 in
566 4419 664 4470 Deerat
683 4419 737 4470 Par.
755 4421 783 4470 ii.
860 4422 936 4472 ⁰Joa
948 4424 982 4474 ix.
995 4426 1034 4474 15.

258 4475 331 4528 (laus.
341 4479 376 4529 xi.
389 4480 482 4539 Quaest
494 4482 531 4531 iii
549 4498 602 4547 cap.
616 4484 697 4535 xlviii.
717 4484 785 4535 ‘Goa-
859 4489 869 4520 ²
885 4487 980 4539 Idam.
992 4489 1046 4539 xxi.
1057 4491 1082 4541 2.
