2970 4914
504 284 628 336 omum
649 271 797 348 uuausm,
822 268 916 333 1606.
1222 268 1264 332 73

160 458 275 502 manus
289 445 409 519 nostre,
424 439 554 524 optimis
569 447 665 524 atque
680 439 862 523 aptissimis.
885 435 1049 521 Quicquid
1063 436 1151 500 enim
1165 436 1264 501 habe·

161 563 233 604 mus
256 543 431 625 optimum,
451 550 563 628 aptum
585 543 740 609 beneficio
765 542 860 621 huic;
898 543 969 606 Deo
994 547 1115 624 aptum,
1135 548 1265 625 propter

161 644 231 715 hoc.
277 647 360 725 Imo,
381 646 491 710 omnia
509 654 629 727 nostra,
644 647 696 712 vel
718 645 850 730 optima,
870 645 957 708 infra
978 644 1171 709 beneficium
1192 645 1264 724 hoc,

161 747 246 817 infra
268 749 420 813 meritum
444 749 508 828 Illi,
533 755 663 833 propter
687 749 760 815 hoc.
805 748 870 815 Sed
894 755 1058 813 tentemus
1081 754 1211 828 tamen,
1226 756 1265 813 ut

161 872 341 934 possumus,
358 852 517 916 modulari
532 852 661 936 aliquid.
707 853 750 919 In
767 873 868 937 eoque
891 855 995 916 omnia
1018 875 1084 935 qrrae
1101 855 1188 916 iutra
1209 874 1267 917 ace

163 959 246 1032 aunt,
258 955 362 1017 orario
377 974 448 1018 osae
463 960 594 1034 nostrass,
606 956 822 1020 confiteantur
832 955 914 1035 ribi,
926 956 1074 1036 Domine,
1088 958 1186 1020 liram
1201 976 1266 1020 aare

163 1057 312 1136 Salutem
334 1057 375 1121 Te
395 1059 483 1120 illam
505 1057 591 1136 dare,
610 1059 651 1122 Te
669 1060 758 1120 illam
772 1059 909 1141 Rapidos
924 1059 1009 1138 dare,
1029 1059 1070 1122 Te
1084 1060 1173 1123 illam
1186 1060 1267 1142 Repe

164 1167 274 1240 uostro
296 1159 420 1224 dedisse
433 1185 440 1224 :
464 1166 497 1224 et
510 1159 547 1223 iu
560 1161 627 1240 illo,
642 1160 735 1225 nobis
750 1161 909 1241 omnibus,
926 1161 1043 1226 Tribus
1064 1163 1134 1246 jam
1151 1161 1187 1225 in
1200 1182 1268 1226 uno

165 1262 296 1346 Regnis,
317 1263 376 1327 uni
400 1263 437 1326 in
460 1263 584 1328 Tribus.
629 1264 677 1327 Et
693 1265 775 1346 jam,
804 1265 881 1346 qaid
897 1286 1063 1346 poseamus
1087 1266 1211 1344 addere,
1232 1271 1268 1328 ct

164 1367 326 1447 loquamur
343 1366 388 1429 cd
405 1368 461 1430 te?
506 1367 552 1430 Tu
568 1368 649 1429 erim
668 1369 731 1431 acia
747 1388 852 1431 seruos
868 1366 969 1447 luced,
986 1368 1135 1447 Domine,
1150 1375 1267 1432 utcun-

166 1490 228 1553 que
250 1469 351 1532 enimi
373 1490 468 1533 sensa
489 1470 597 1532 minus
619 1469 716 1552 digne
738 1471 960 1555 exprimentes,
986 1479 1106 1551 tamen,
1129 1471 1217 1534 intus
1232 1471 1268 1534 in

165 1572 273 1641 animo
287 1572 474 1655 intimisque
489 1572 647 1651 sensibus,
664 1580 820 1637 aeternum
836 1573 909 1637 Tibi
924 1573 1096 1652 devinctos,
1113 1573 1152 1637 de
1167 1575 1270 1637 solute

166 1676 262 1757 Repr'e
277 1675 346 1740 hac.

171 1836 174 1842 .
208 1779 333 1842 Verum
348 1779 446 1857 enim,
463 1780 538 1863 quia
560 1780 678 1844 eruisse
694 1780 794 1844 Illum
817 1781 917 1845 semel
937 1779 1014 1843 satis
1032 1801 1099 1846 non
1119 1786 1179 1858 est,
1202 1802 1269 1844 non

167 1880 228 1959 bis,
243 1887 341 1960 terve,
357 1904 425 1946 non
441 1883 568 1965 septies,
584 1882 698 1965 (quam
720 1883 817 1966 longa
841 1883 927 1947 enim
952 1882 1007 1946 Illi
1021 1882 1098 1962 vita,
1108 1889 1182 1947 *tam
1196 1883 1267 1947 lon·

166 2006 244 2068 gum
267 1984 439 2050 discrimen
462 1985 523 2050 h'oc
539 1986 740 2068 amaliprria)
759 1985 843 2068 quia,
867 2007 934 2048 non
957 2002 1068 2049 omnes
1084 1987 1151 2068 filii
1175 1987 1270 2049 alieni

165 2087 201 2154 in
215 2093 303 2151 terra
320 2088 442 2165 aliene;
467 2088 565 2172 aliqui
586 2088 640 2153 hic
661 2088 696 2151 in
713 2095 834 2167 nostra,
857 2094 890 2152 et
913 2088 1000 2172 apud
1020 2109 1097 2152 nos:
1121 2089 1196 2172 quia
1212 2088 1270 2151 filii

167 2191 271 2259 Belial
293 2191 440 2263 nondum
466 2213 578 2257 omnes
604 2191 896 2274 mortuissaltem,
912 2193 1009 2257 Pater
1029 2212 1142 2255 eorum
1165 2192 1270 2256 Belial

167 2299 314 2360 mortuus
336 2315 405 2367 non
424 2301 493 2360 est:
519 2294 597 2377 quin
620 2294 698 2358 vivit
720 2294 829 2373 etiam,
854 2294 952 2358 etiam
974 2293 1180 2358 machinatur
1201 2316 1269 2358 ma-

168 2394 273 2478 lignas
296 2418 370 2459 suas
395 2397 659 2477 machinationes,
686 2418 753 2460 non
776 2397 884 2461 miuus
906 2397 986 2480 jam,
1012 2419 1109 2480 quam
1139 2397 1271 2461 Davidis

171 2499 307 2574 saeculo3
331 2496 398 2562 nori
412 2500 521 2563 minus
537 2522 633 2583 quam
655 2500 722 2564 ullo
744 2521 764 2563 a
785 2500 909 2564 Davide
924 2499 1050 2577 saeculo,
1066 2521 1169 2583 usque
1184 2500 1270 2563 diem

167 2601 273 2665 hunc:
296 2623 364 2666 non
379 2602 513 2666 minus?
536 2603 601 2666 imo
616 2623 700 2680 vem,
717 2609 749 2666 et
764 2602 877 2685 magis,
895 2604 969 2684 quie
983 2603 1137 2666 modicum
1152 2609 1270 2684 tempus

165 2704 257 2767 habet
266 2713 292 2768 ⁰:
337 2705 407 2768 Nos
423 2726 550 2788 quoque
565 2705 606 2768 ad
621 2705 804 2790 exemplum
818 2705 938 2769 Psalmi
953 2705 1067 2781 nostri,
1079 2726 1121 2768 ne
1133 2705 1270 2768 nimium

169 2807 226 2869 diu
252 2807 462 2870 immoremur
485 2807 520 2870 in
543 2807 696 2887 Cantico;
721 2807 800 2891 quin
823 2807 986 2891 suspensis
1007 2807 1176 2891 paulisper,
1193 2808 1271 2891 quin

169 2909 323 2993 depositis
339 2909 381 2973 ad
396 2917 524 2993 tempus
538 2909 692 2989 barbitis3
716 2911 815 2974 etiam
837 2917 871 2974 et
893 2932 953 2974 nos
979 2911 1137 2993 supplices
1161 2909 1271 2989 simus,

170 3019 204 3075 et
221 3012 452 3076 admisceamus
466 3034 577 3096 preces
592 3020 738 3091 nostras;
761 3013 860 3077 etiam
875 3020 908 3077 et
928 3034 997 3091 noe,
1015 3013 1160 3096 exemplo
1174 3013 1271 3092 illius,

171 3120 246 3178 vota
268 3113 396 3196 publica
418 3136 651 3199 nuncupemus.
696 3116 776 3179 Non
798 3116 869 3194 alia,
893 3138 989 3198 quam
1012 3116 1074 3194 hic,
1092 3137 1188 3198 quam
1203 3116 1272 3179 aliis

170 3217 206 3280 in
230 3216 366 3280 Psalmis
394 3216 449 3279 ille
478 3217 546 3300 ipse
571 3224 750 3301 nuncupat.
796 3217 882 3282 Hic:
919 3219 1017 3281 Servo
1041 3219 1150 3282 illum:
1179 3220 1273 3281 etiem

171 3339 244 3387 erue
266 3319 355 3381 illum
381 3339 401 3381 o
419 3321 502 3402 filiis
526 3321 657 3394 olieats;
692 3321 731 3382 ab
755 3340 818 3398 ore,
845 3321 985 3398 dextera,
1007 3321 1125 3403 plodio,
1149 3322 1274 3384 illorum

171 3423 316 3504 malique.
362 3422 411 3486 Ex
435 3422 504 3485 aliis
528 3443 620 3486 vero:
652 3423 756 3501 etiam,
778 3424 920 3502 Domine,
941 3424 1060 3486 solvam
1078 3422 1138 3504 fac
1162 3426 1274 3504 adhuc,

174 3525 277 3603 etiam,
290 3525 431 3602 Domine,
441 3544 632 3604 prosperare
643 3524 745 3586 adhuc
754 3522 772 3587 f.
811 3524 946 3602 Mando,
959 3524 1054 3601 Deus,
1069 3526 1180 3587 virtuti
1195 3533 1274 3601 tecm

174 3628 321 3708 confirma
336 3647 412 3708 opus
426 3627 484 3689 hoc
500 3626 619 3703 borum,
635 3626 719 3707 quod
732 3631 877 3706 operatur
892 3646 925 3688 ea
938 3627 972 3687 in
986 3626 1100 3688 nobisss.
1131 3626 1275 3706 Mirifice

173 3729 406 3791 misericordias
435 3726 555 3792 torah:
585 3727 751 3810 mayaifica
780 3729 897 3790 salutes
919 3748 993 3810 erpa
1015 3728 1130 3809 Repera
1152 3728 1274 3792 tuoni.-

176 3831 318 3912 Precr'pe
335 3833 540 3895 omnimodam
559 3833 691 3894 salutem
706 3829 856 3893 Jacobok.
901 3831 975 3914 Ipse
994 3851 1037 3908 es,
1061 3830 1115 3913 qui
1139 3831 1274 3895 salutem

176 3933 309 3998 dedisti:
335 3935 408 4017 Ipse
424 3956 467 4014 es,
490 3934 545 4018 qui
560 3934 688 3998 eruisti:
709 3935 797 3996 Idem
817 3935 883 4014 ipse
903 3954 1023 4014 seraper
1039 3939 1113 4013 esto,
1133 3935 1185 4016 qui
1205 3933 1274 3998 ea¹s

175 4057 301 4120 semper
326 4058 412 4114 erue,
439 4058 564 4121 semper
586 4059 676 4101 serva
699 4035 809 4115 Illum,
834 4057 958 4119 semper
980 4057 1070 4100 serva
1091 4037 1184 4101 nobis
1206 4037 1275 4101 haeo

174 4138 269 4204 bone.

338 4248 348 4272 ⁶
365 4240 404 4290 Ps.
416 4241 467 4289 ciii.
481 4241 512 4297 1,
529 4255 606 4291 xxxv.
619 4242 659 4291 10.
908 4237 920 4270 h
937 4238 1050 4315 Pssxvn.
1063 4232 1085 4290 7.

338 4303 566 4356 mmmmm.
908 4301 914 4334 ¹
938 4303 976 4352 Ps.
988 4305 1059 4352 xviii.
1073 4306 1111 4354 tl.

338 4378 349 4402 ⁰
367 4369 444 4432 Apoc.
456 4369 501 4416 xii.
515 4370 552 4418 12.
908 4365 920 4398 ¹¹
939 4367 977 4417 Pe
989 4369 1050 4416 xliv.
1064 4372 1086 4418 5.

341 4433 349 4464 ¹
370 4433 557 4483 Ps.cxviii.25.
911 4430 916 4462 ¹
940 4432 1031 4482 Pscii.
1045 4433 1083 4485 27.

339 4507 351 4539 ⁸
368 4499 408 4549 Ps.
420 4497 500 4547 lxviii.
513 4500 551 4546 28.
